2384 3850
188 106 253 170 220
568 106 770 166 -H-

190 277 295 351 πολλά
332 277 487 371 δαιμόνια
523 293 644 370 σχμεία
680 282 835 369 έφαίνετο
863 274 1031 365 δηλωτικὰ
1060 284 1153 346 θείου

189 379 289 472 χόλον
314 379 398 451 κατά
421 407 457 453 τε
479 379 594 471 φωνάς
619 384 675 451 καὶ
694 377 787 464 ὄψεις
810 375 938 467 ἀήθεις.
992 376 1098 448 πάντα
1120 377 1154 445 δὲ

191 490 239 563 είς
262 485 359 552 τοῦτο
382 486 593 571 συνέτεινεν,
625 480 670 563 ὡς
693 487 778 553 οἵτε
802 477 936 570 μάντεις
961 480 1018 549 καί
1043 482 1154 549 σίτων

191 589 291 673 ίερῶν
309 586 464 673 ἐξηγηταὶ
481 587 744 672 συνενέγκαντες
761 579 818 664 τάς
834 584 1006 673 ἐμπειρίας
1023 578 1156 670 ἀπεφαί-

157 707 173 757 5
190 685 300 774 νοντα,
318 682 369 754 ὅτι
387 690 482 758 θεῶν
500 683 705 776 [χολοῦσθαι]
723 712 812 767 τινες
829 679 870 754 οὗ
894 691 1082 773 κομίζονται
1105 680 1175 761 τάςι

187 793 352 876 νομίμους
386 786 481 877 τιμὰς
504 784 545 857 οὗ
568 792 728 877 καθαρῶς
759 781 840 857 οὐδὲ
862 783 963 867 ὁσίως
993 787 1181 877 έπιτελοο-,

191 886 305 978 μένων
330 883 443 970 αὐτοῖς
469 890 538 957 τοῖν
565 892 675 977 ίεράν.
730 884 862 975 ζήτησις
890 884 931 973 δὴ
958 882 1040 975 μετά
1065 892 1157 956 τοῦτο
1180 888 1181 907 ’

191 988 296 1074 πολλὴ
322 990 357 1057 έκ
375 987 512 1058 πάντων
536 991 681 1077 ἐγένετο,
713 988 770 1057 καί
794 986 859 1058 σὺν
880 984 991 1080 χρόνῳ
1022 984 1158 1075 μήνυσις

192 1086 390 1159 ἀποδίδοται
424 1104 493 1170 τοῖς
529 1087 761 1179 ἱεροφάνταις,
798 1085 849 1158 ὅτι
883 1092 951 1159 τῶν
982 1089 1159 1178 παρθένων

144 1211 176 1259 10
193 1196 252 1279 μία
287 1190 356 1259 τάν
384 1194 627 1280 φυλαττουσῶν
652 1186 689 1260 τό
721 1186 812 1279 ἱερόν
828 1191 915 1281 πάρ,
940 1184 1073 1279 Ὀπιμία
1091 1186 1158 1259 321·-

191 1319 237 1379 μα
268 1285 371 1381 αὐτῇ,
408 1288 470 1380 τὴν
493 1298 683 1381 παρθενίαν
714 1286 940 1383 ἀφαιρεθεῖσα
968 1298 1096 1379 μιαίνει
1122 1290 1158 1359 τὰ

193 1390 274 1482 ίερά.
328 1397 364 1462 οί
380 1393 416 1463 δὲ
431 1399 467 1463 ἔκ
480 1421 517 1462 τε
534 1390 694 1481 βασάνων
720 1394 775 1463 καί
801 1397 870 1465 των
893 1389 1005 1461 ἀλλων
1028 1387 1157 1461 ἀποδεί-

192 1497 276 1577 ξεων
293 1491 472 1586 μαθόντες,
491 1491 541 1565 ότι
559 1492 595 1564 τό
614 1492 829 1585 μηνυόμενον
846 1484 891 1583 ἦν
913 1488 1061 1582 ἀδίκημα
1085 1488 1157 1579 ἀλη-
1181 1546 1182 1593 1

133 1640 147 1655 .
192 1599 268 1685 θές,
299 1591 406 1684 αὐτὴν
434 1596 496 1684 μέν
526 1602 583 1684 τῆς
611 1600 761 1687 κορυφῆς
780 1593 982 1685 ἀφελόμενοι
1004 1592 1044 1665 τά
1066 1599 1156 1681 στέμ-
1181 1618 1182 1663 3

143 1715 175 1765 15
193 1725 280 1786 ματα
313 1699 369 1766 καί
393 1694 651 1786 πομπεύσαντες
686 1692 727 1766 δι’
760 1692 883 1787 ἀγορᾶς
910 1694 1003 1776 ἐντὸς
1034 1703 1157 1783 τείχους

194 1800 302 1881 ζωσαν
319 1795 531 1896 κατώρυξαν·
569 1795 632 1869 δυό
657 1798 694 1867 δὲ
713 1795 792 1879 τούς
817 1799 1069 1887 ἐξελεγχθέντας
1089 1802 1157 1865 δια-

193 1896 383 1988 πράξασθαι
411 1896 474 1988 τὴν
503 1898 640 1989 φθοράν
667 1897 1002 1990 μαστιγοίσαντες’έν
1027 1900 1156 1989 φανερῷ

192 1997 401 2069 ἀπέκτειναν.
452 2003 509 2070 καὶ
543 2008 744 2092 παραχρῆμα
773 2001 855 2091 μετά
888 2007 986 2096 τοῦτο
1014 1999 1097 2072 καλὰ
1122 1996 1157 2068 τά

194 2099 267 2191 ίερά
297 2102 354 2170 καί
383 2098 423 2169 τά
445 2101 659 2192 μαντεύματα
683 2098 727 2186 ὦς
757 2101 946 2193 ἀφεικότων
969 2092 1071 2184 αὖθις
1094 2103 1156 2170 των

142 2220 175 2268 20
193 2208 286 2272 θεῶν
303 2201 361 2272 τὸν
378 2198 477 2290 χόλον
496 2206 633 2292 έγίνετο.
1182 2291 1183 2302 χ

269 2303 435 2375 LXXXX.
467 2303 525 2387 Ὡς
560 2307 597 2376 δὲ
627 2302 813 2394 καθῆκενὸ
841 2308 908 2374 τῶν
939 2299 1157 2395 ἀρχαιρεσιῶν

192 2403 327 2496 χρόνος,
364 2404 534 2478 ἐλθόντων
556 2411 624 2477 των
647 2403 787 2476 ὑπάτων
810 2402 916 2494 πολλὴ
946 2401 1078 2493 σπονδὴ
1108 2405 1155 2472 καὶ
1168 2409 1183 2460 λ

192 2507 371 2596 παράταξις
397 2510 527 2595 ἐγένετο
547 2515 607 2577 τοῦ
626 2505 734 2596 δήμου
759 2506 841 2598 πρὸς
865 2504 944 2588 τούς
967 2511 1158 2596 πατρικίους

186 2609 270 2696 »περὶ
287 2612 354 2677 των
377 2610 669 2698 παραληψομένων
703 2603 764 2698 τὴν
797 2601 981 2702 ἡγεμονίαν
1015 2605 1156 2695 ἀνδρῶν.

141 2722 174 2771 25
194 2709 315 2776 ἐκεῖνοι
331 2707 393 2796 μέν
404 2708 468 2797 γάρ
482 2712 518 2777 ἐκ
530 2714 599 2779 τῶν
610 2713 782 2800 νεωτέρων
802 2707 980 2798 ἐβούλοντο
993 2706 1072 2790 τοὺς
1086 2713 1158 2792 δρα-

193 2812 350 2899 στηρίους
368 2834 404 2877 τε
422 2810 477 2878 καλ
495 2806 612 2897 ἥκιστα
633 2808 829 2900 δημοτικοάς
848 2813 903 2880 ε’πί
919 2807 983 2898 τὴν
999 2807 1159 2879 ὑπατείαν

192 2925 411 2999 προαγαγεῖν·
450 2911 505 2981 καὶ
529 2909 643 3000 μετῄει
666 2910 727 3000 τὴν
750 2908 857 3002 ἀρχὴν
880 2913 1080 2992 κελευσθεὶς
1102 2902 1155 2976 ἀπ’

191 3006 304 3082 αὐτῶν
326 3009 344 3082 ὁ
369 3009 442 3094 υίὸς
463 3007 604 3083 Ἀππίου
628 3019 803 3083 Κλαυδίου
831 3013 891 3084 τοῦ
913 3007 1158 3100 πολεμιωτάτου

193 3113 240 3198 τῷ
268 3109 361 3206 δήμω
390 3115 568 3196 δοκοῦντος
600 3111 703 3201 εἶναι,
734 3111 852 3203 μεστός
870 3109 1061 3194 αὐθαδείας
1079 3105 1156 3195 ἀνὴρ

142 3227 175 3274 30
193 3213 249 3280 καί
284 3210 445 3302 θράσους,
482 3217 625 3305 ἑταίροις
655 3241 691 3285 τε
723 3217 779 3285 καὶ
813 3213 971 3297 πελάταις
998 3209 1159 3284 ,ἁπάντων

192 3320 349 3382 πλεῖστον
375 3317 443 3383 των
469 3311 549 3385 καθ’
577 3309 711 3403 ἡλικίαν
729 3315 932 3406 δυνάμενος·
964 3313 1040 3386 ὅδὲ
1061 3319 1158 3401 δῆμος

194 3415 232 3480 ἐκ
249 3415 317 3482 τῶν
334 3415 570 3505 πρεσβυτέρων
587 3443 624 3485 τε
643 3419 779 3488 καὶτῶν
797 3434 917 3507 πεῖραν
933 3414 1000 3505 ἤδη
1020 3409 1158 3485 δεδωκό-
