2384 3850
177 109 327 176 144·
558 110 764 170 -Η-
1163 80 1164 171 λ

176 293 287 376 μαίων
308 287 406 372 γένος
427 278 577 405 μηδ’ἐκ
600 281 742 406 βάθρων
768 280 851 387 ὅλην
874 281 1057 371 ἀναστῆσαι
1078 279 1130 369 τήν

177 384 335 474 πόλιν,ε
319 384 410 509 είχον
426 385 506 473 μέν,
530 372 557 452 ῶ
576 381 752 473 Μηνύκιε,
775 377 946 475 λέγειν,”
927 412 978 455 οτι
1001 380 1061 455 ούκ
1078 380 1164 469 ἐγῶ

167 485 299 564 τούτου
315 486 428 575 κύριος
446 483 527 555 ούδδ
544 482 684 574 πρόςμ
646 490 662 556 ἐ
687 486 702 555 6
720 489 798 575 περὶ
811 484 940 557 τούτων
955 488 1024 555 ἐστὶ
1037 483 1130 572 λόγος,

177 585 252 659 ἀλλ’
273 588 337 676 έγῶ
356 585 537 711 στρατηγός
561 594 628 676 είμι
647 590 705 674 τής
724 584 917 676 δυνάμεως,
942 588 1085 675 πολέμου
1101 585 1131 655 66

140 692 233 762 ὁκαὶ
252 688 386 813 εἰρήνης
399 679 491 758 οὗτοι
505 686 631 777 κύριοι
651 685 735 758 ῶστε
749 686 839 777 παρὰ
852 687 982 759 τούτων
996 695 1132 758 αἰδεῖσθε
1124 742 1165 855 χ

176 805 242 863 εἴτε
260 788 383 914 ἀνοχάς
399 799 465 860 εἴτε
489 789 687 877 διαλλαγάς,
712 785 797 858 ἀλλά
812 787 860 879 μή
877 816 945 881 παρ
949 788 1068 878 ’ἐμοῦΙ
1099 804 1158 856 οο1

175 893 243 983 μήν
278 891 407 981 ταύτην
434 919 472 980 γε
496 896 620 980 δίδωμι
650 890 713 978 τήν
743 886 938 1014 ἀπόκρισιν,
975 888 1059 960 ἀλλά
1087 890 1133 958 καὶ

175 990 278 1073 θεούς
308 994 419 1079 σέβων
435 990 513 1073 τοὺς
531 990 707 1115 πατρῴους
726 990 839 1061 καὶ’
799 1021 926 1081 ταφους
945 989 1132 1081 αἰδούμενος

176 1090 363 1183 προγόνων
371 1094 487 1161 καλ
445 1121 509 1181 γην
527 1084 601 1175 έξ
578 1122 618 1180 ης
635 1099 723 1182 ἔφυν
747 1091 910 1182 γυναῖκάς
928 1121 965 1164 τε
989 1095 1045 1163 καὶ
1062 1108 1132 1161 παῖ

126 1219 160 1266 10
180 1188 278 1275 δας
258 1194 355 1281 υμῶν
373 1195 493 1282 ἐλεῶν,
518 1190 625 1275 069'
587 1222 651 1264 ουκ
669 1198 869 1284 ἐπιτηδείοις
891 1183 969 1264 ούσι
986 1192 1027 1265 τοὶ
1044 1193 1134 1263 πατέ-

178 1324 248 1385 ρων
266 1297 323 1364 καλ
340 1290 477 1384 ἀνδρῶν
492 1292 564 1382 ἥξει
581 1293 770 1387 σφάλματα,
790 1294 900 1366 καλ’
863 1324 924 1386 ουχ
941 1291 1059 1384 ήκιστα
1074 1296 1134 1363 τῶν

109 1478 111 1482 .
176 1393 289 1466 ἀλλων
306 1398 362 1465 καὶ
382 1392 431 1465 δι’
450 1391 548 1487 ύμάς,
568 1387 594 1465 ῶ
609 1395 777 1487 Μηνύκιε,
794 1395 873 1479 τούς
891 1398 1134 1489 προχειρισθέν-

176 1526 235 1579 τας
252 1496 319 1567 ὑπὸ
336 1501 395 1587 τής
413 1496 557 1586 πόλεως,
581 1494 663 1568 τάδε
681 1491 918 1589 ἀποκρίνομαι·
947 1496 1008 1568 ἐὰν
1025 1455 1167 1603 6606616

94 1642 104 1654 ·
177 1604 261 1669 δῶσι
279 1597 431 1689 Ῥωμαῖοι
457 1596 682 1680 Οὐολούσκοις
705 1599 819 1692 χῶραν
847 1629 884 1671 τε
907 1598 995 1690 ὅσην
1023 1596 1131 1677 αύτούς
1166 1612 1167 1653 ³

126 1724 159 1773 15
177 1697 369 1791 ἀφήρηνται
392 1702 448 1770 καὶ
474 1699 586 1783 πόλεις
606 1698 685 1783 ὅσας
710 1702 908 1824 κατέχουσιν
936 1695 1132 1771 ἀνακαλεσά-

176 1830 272 1891 μενοι
289 1798 367 1883 τούς
386 1805 551 1891 ἐποίκους,
571 1809 691 1891 φιλίαν
707 1830 744 1872 τε
761 1800 965 1891 ποιήσωνται
984 1800 1064 1892 πρὸς
1079 1794 1158 1877 66

176 1900 255 1984 τούς
274 1908 321 1983 είς
345 1899 404 1973 τὸν
427 1897 479 1973 ἀεὶ
503 1900 625 1993 χρόνον
646 1905 701 1975 καλ
722 1910 907 2030 ίσρπολιτεί
905 1935 944 1988 ας
960 1902 1130 1994 μεταδιδῶ-
1167 1913 1168 2030 χ

176 2024 233 2071 σιν
251 1999 362 2091 ῶσπερ
373 2002 566 2084 Λατίνοις“
547 2032 668 2095 ορκους
686 2009 743 2076 καὶ
760 2004 843 2130 ἀράς
860 2005 944 2077 κατά
956 2011 1026 2077 τῶν
1039 2031 1168 2096 παρα·
1167 2013 1168 2064 6

177 2100 365 2191 βαινόντων
387 2101 429 2173 τά
453 2111 656 2195 συγκείμενα
680 2106 914 2230 ποιησάμενοι,
946 2106 1131 2232 διαλύσομαι

110 2198 160 2276 ’20
177 2203 260 2297 πρὸς
278 2201 402 2287 αύτούς
423 2204 482 2278 τὸν
499 2205 661 2298 πόλεμον,
689 2208 852 2299 πρότερον
872 2208 979 2280 δέ’
933 2239 988 2299 μη.
1040 2211 1130 2278 ταῦτα

176 2302 400 2397 ἀπαγγέλλετε
424 2308 554 2397 αὐτοῖς,
585 2310 642 2379 καλ
666 2308 724 2380 τδν
750 2307 854 2381 αύτδν
887 2309 1013 2400 τρόπον
1040 2308 1130 2392 ὅνπερ

176 2407 258 2501 πρὸς
279 2412 335 2500 έμδ
353 2412 408 2480 καλ
436 2409 517 2501 πρὸς
543 2413 693 2492 ἐκείνους
716 2415 793 2502 περὶ
816 2415 876 2482 τού
900 2418 1032 2483 δικαίου
1054 2407 1131 2481 πάνυ

177 2515 384 2599 ἐπιστρεφῶς
414 2516 517 2581 ταῦτα
541 2516 754 2600 διαλέγεσθε·
793 2511 896 2583 καλόν
912 2543 963 2584 τοι
983 2513 1041 2594 τὰς
1056 2518 1131 2586 ἰδίας

178 2616 319 2681 ἕκαστον
338 2618 457 2700 ἔχοντα
479 2611 611 2701 κτήσεις
636 2617 673 2684 ἐν
696 2612 813 2705 εἰρήνη
838 2619 912 2704 ζῆν,
940 2618 997 2684 καλ
1020 2612 1130 2685 πολλοῦ

125 2733 159 2781 25
176 2709 269 2792 ἀξιον
294 2709 330 2779 τὸ
347 2716 479 2800 μηθένα
503 2717 690 2784 δεδοικέναι
713 2713 787 2805 μήτ’
817 2713 941 2805 έχθρόν
963 2715 1047 2844 μήτε
1069 2741 1130 2784 και-

177 2810 252 2935 ρόν
280 2812 418 2899 αἰσχρὸν
442 2812 479 2881 δέ
502 2815 570 2884 τῶν
593 2811 779 2907 ἀλλοτρίων
802 2821 1058 2940 περιεχομένους
1079 2809 1130 2885 ούκ

176 2911 361 3001 ἀναγκαίου
384 2910 530 3002 πόλεμον
553 2913 753 3015 ύπομένειυ,
780 2909 867 2988 έν
841 2947 866 3012 φ
893 2917 959 3009 [δή]
986 2922 1042 2989 καὶ
1066 2915 1131 3002 περὶ

175 3022 244 3083 τῶν
263 3011 396 3086 ίδίων’
378 3014 537 3086 απάντων
560 3017 844 3090 κινδυνεύσουσιν
866 3018 1024 3108 ἀγαθῶν
1050 3017 1088 3089 τύ
1102 3029 1168 3086 τε1ἰἐ

177 3106 266 3185 ἀθλα
286 3116 552 3189 ἐπιδείκνυτε’
513 3135 626 3198 αυτοις
650 3117 714 3191 ούκ
732 3119 789 3190 ἶσα
806 3125 1015 3209 κατορθοῦσί
1034 3118 1131 3191 τεκαὶ

38 3285 41 3288 ,
124 3238 159 3285 30
177 3213 222 3301 τιή
243 3220 381 3303 τυχοῦσι
403 3218 563 3307 γινόμενα
586 3224 646 3308 γῆς
671 3219 844 3309 ἀλλοτρίας
862 3222 1133 3312 γλιχομένοις,εί

145 3401 148 3405 ¹
179 3316 216 3382 δέ
234 3314 419 3404 βούλεσθε,
438 3326 637 3409 προστίθετε
663 3321 771 3389 καὶ
737 3349 794 3402 τας
812 3321 923 3405 πόλεις
941 3328 1010 3394 τῶν
1028 3323 1130 3410 ήδικη·

179 3417 291 3502 μένων
321 3427 524 3507 προσλαβεῖν
554 3422 787 3510 βουλομένοις,
824 3420 883 3493 ἑῶυ
907 3422 952 3514 μή
984 3428 1129 3515 κρατῶσι,
