2384 3850
375 97 575 158 ..Θ-

47 269 172 354 ἐξύδου
196 276 338 341 Καίσων
363 269 506 358 Φάβιος,
537 263 701 340 ύυεωστί
725 268 789 358 τήν
812 269 919 362 ἀρχὴν
941 271 1027 344 άπο·

46 373 209 460 θέμενος,
241 374 375 459 δεηθείς
399 377 458 462 τῆς
480 376 606 461 βουλῆς
631 374 804 461 ἐπιτρέψαι
836 369 927 466 αύτῷ
956 390 1027 456 τοῖς

48 479 83 544 ἐν
98 476 263 567 Κρεμέρᾳ
280 477 491 563 συγγενέσιν,
509 470 569 556 ούς
586 472 605 543 ὁ
622 468 770 561 άύελφός
791 470 898 544 αύτού
919 505 1025 566 φρου·

48 573 219 663 ρήσοντας
250 573 287 644 τὸ
316 583 440 667 χωρίον
463 573 614 665 ἐξήγαγε,
637 582 796 646 συνεῖναί
820 603 857 646 τε
879 580 935 646 καὶ
957 582 1026 648 των

49 674 168 748 αύτοῐν
184 673 329 764 άγύνωυ
346 680 512 767 μετέχειν·
540 678 597 748 καί
615 679 735 764 ἐξῆλθε
758 674 824 749 σύν
848 691 917 759 τοϊς
935 675 1020 768 ἄμφ’
1042 681 1059 732 ⁵

18 775 157 858 ηςαύιόν
196 781 331 871 ἐξουσίᾳ
371 781 555 869 κοσμηθεὶς
596 774 793 872 ἀνθυπάτω.
846 777 946 860 Γάιος
988 782 1026 850 δέ

48 881 195 970 Σέργιος
233 877 249 950 ὁ
281 882 392 970 ἕτερος
422 883 490 950 των
523 875 663 950 ύπάτωυ
698 883 753 950 ἐπὶ
791 877 1025 962 Οὐολούσκους
1149 920 1152 924 ·

49 979 268 1070 ἐστράτευσε·
296 979 459 1071 Σερούιος
478 982 516 1052 δὲ
535 979 680 1071 Φούριος
696 978 893 1065 ἀνθύπατος
916 985 971 1054 ἐπὶ
987 982 1025 1054 τὸ

50 1085 216 1154 Αἰκανῶν
233 1088 343 1164 ἔθνος.
374 1081 501 1176 ἑκάστῳ
521 1079 553 1152 δ’
579 1080 693 1154 αύτωυ
711 1082 775 1155 δύο
792 1085 854 1173 μὲν
876 1082 1025 1175 τάγματα
1136 1077 1139 1082 ’

46 1180 221 1273 Ρωμαίων
240 1189 361 1272 ειπετο,
380 1193 537 1257 Λατίνων
561 1185 599 1256 δὲ
622 1179 702 1255 καὶ
697 1195 857 1274 Ερυίκων
879 1189 935 1256 καί
956 1216 1025 1258 των
1044 1213 1076 1262 10

51 1283 168 1356 ἄλλων
193 1284 377 1416 συμμάχων
400 1282 462 1356 ούκ
493 1283 617 1358 ἐλάττω
638 1289 697 1374 τῆς
716 1286 897 1377 Ῥωμαικῆς
922 1288 1024 1360 δυνά

52 1416 151 1476 μεως.
174 1389 223 1482 τῷ
245 1417 307 1478 μεν
331 1376 393 1459 σύν
416 1384 605 1510 άυθυπάτμ
622 1394 778 1482 Σερουίῳ
801 1386 885 1460 κατά
901 1394 987 1459 νούν
1004 1385 1022 1458 ὁ
1082 1454 1085 1459 .

52 1488 200 1579 πόλεμος
226 1488 381 1612 ἐχώρησε
395 1491 452 1560 καὶ
470 1488 534 1562 σύν
552 1487 653 1579 τάχει.
690 1493 750 1581 μιᾷ
768 1489 838 1613 γὰρ
865 1492 1024 1610 ἐτρέψατο

50 1591 127 1674 τοὺς
148 1587 319 1671 Αἰκανούς
335 1588 423 1682 μάχη
442 1593 497 1662 καὶ
515 1589 620 1680 ταύτη
639 1595 716 1680 δίχα
733 1589 852 1678 πύυου,
876 1593 919 1679 τῇ
935 1587 1023 1678 πρύ-

52 1721 89 1782 ιη
107 1690 192 1774 τούς
216 1698 394 1781 πολεμίους
419 1690 581 1781 ἐκπλήξας
605 1690 735 1787 ἐφόδῳ
766 1689 883 1762 καίεο
905 1689 1023 1762 λοιπὸυ
1043 1707 1075 1756 1⁶

51 1791 157 1892 ε’δῄρυ
174 1792 237 1882 τὴν
254 1796 318 1883 γῆν
343 1789 457 1866 αύτων
480 1792 785 1916 καταπεφευγότων
808 1800 855 1875 είς
880 1790 921 1862 τά
944 1792 1024 1880 ἐρύ

52 1926 149 1985 ματα.
177 1897 415 2027 Σερουιλίωὸὲ
432 1897 632 2019 θατέρμ
582 1925 652 2021 τμν
669 1891 808 1967 ύπάτων
827 1889 895 1966 ύπό
920 1915 1023 1967 σπου-

52 2003 111 2121 θης
132 2024 169 2067 τε
186 2026 244 2068 και
232 1995 406 2069 αύθαδεί
391 2006 444 2079 ίας
459 1995 559 2069 ε’πί
525 2026 585 2069 τον
597 1996 713 2087 ιἰγωνα
732 1996 920 2123 χωρήσαντι
937 1995 1024 2069 πολύ

52 2099 84 2171 τὸ
98 2097 194 2189 παρὰ
211 2096 350 2189 γνάμην
363 2095 546 2190 ἀπήντησε,
565 2127 735 2189 καρτερως
748 2099 839 2171 πάνυ
851 2105 919 2169 τῶν
932 2097 1023 2171 0130-

52 2201 208 2273 λούσκων
230 2197 516 2322 άγτιταξαμένων,
547 2197 632 2271 ὥστε
656 2197 855 2289 ἠναγκάσθη
880 2198 1023 2283 πολλούς
1041 2213 1075 2262 20

52 2307 106 2374 καί
126 2300 279 2391 ἀγαθούς
307 2300 434 2393 ἄνδρας
456 2300 622 2383 άπολέσας
640 2305 756 2391 μηκέτι
779 2316 902 2391 χωρεῖν
924 2299 1024 2388 ὁμόσε

51 2423 121 2487 τοῖς
140 2410 324 2494 πολεμίοις,
342 2400 419 2474 ἀλλ’
445 2408 483 2477 ἐν
504 2408 550 2497 τῷ
575 2401 695 2494 χάρακι
717 2400 897 2490 ὑπομένων
922 2395 1025 2493 ἄκρο-

52 2514 228 2595 βολισμοῖς
245 2508 302 2576 καί
316 2510 425 2589 ψιλῶν
443 2514 650 2595 συμπλοκαῖς
669 2507 843 2593 διαφέρειν
861 2510 948 2589 ἐγυω
965 2502 1024 2574 τὸν

52 2607 209 2698 πόλεμον.
236 2605 380 2689 Λεύκιος
399 2603 431 2677 δ’
447 2613 602 2697 Αἰμίλιος
624 2600 828 2695 ὁπεμφθεὶς
854 2606 907 2674 ἐπὶ
938 2612 1022 2694 Τνρ·

14 2716 190 2799 ιιςρηυίος,
226 2706 337 2799 εὐρύν
366 2711 683 2799 ἐξεστρατευμένους
713 2707 779 2797 πρὸ
808 2710 867 2797 τῆς
896 2702 1023 2789 πόλεως
1041 2718 1075 2767 ²⁵

53 2810 129 2891 τούς
149 2805 375 2892 Οὐιεντανούς
392 2812 449 2880 καὶ
467 2807 532 2880 σύν
550 2807 665 2890 αὐτοῖς
682 2807 769 2880 πολύ
791 2807 828 2878 τὸ
845 2806 936 2897 παρὰ
955 2814 1024 2880 τῶν

52 2910 231 3002 ὁμοεθνῶν
260 2909 491 2998 ἐπικουρικόν,
525 2906 628 2981 οὐδὲν
653 2916 703 2981 ἐτι
731 2906 898 2999 μελλήσας
923 2913 1024 2997 ἔργον

55 3025 178 3104 είχετο·
213 3006 340 3103 ἡμέραν
365 3009 397 3084 δ’
427 3008 488 3102 ἄρ’
518 3002 558 3100 ἧς
580 3009 641 3082 τόυ
663 3009 791 3101 χάρακα
821 3014 918 3079 ἔθετο
942 3015 1023 3097 μίαν

54 3110 220 3186 διαλιπών
244 3118 338 3203 ἐξῆγε
361 3112 421 3196 τάς
449 3112 609 3203 δυνάμεις
640 3118 687 3194 είς
716 3109 843 3201 μάχην,
867 3113 1023 3199 θρασέως

55 3215 144 3287 πάνυ
162 3219 230 3287 τῶν
254 3212 472 3287 Ούιεντανωυ
489 3212 591 3305 ὁμόσε
609 3212 819 3305 χωρούντων.
840 3209 1021 3302 ίσορρύπον
1039 3233 1075 3283 30

56 3320 91 3389 δὲ
114 3322 175 3389 τού
204 3313 333 3407 άγαῐνος
364 3319 561 3407 γινομένου,
592 3311 670 3396 τούς
701 3320 814 3397 ἱππεῖς
841 3309 1023 3401 άυαλαβων

58 3422 175 3492 ἐνσείει
186 3436 256 3500 τοῖς
266 3426 436 3509 πολεμίοις
449 3416 532 3489 κατά
545 3414 581 3487 τὸ
592 3413 703 3501 δεξιὸν
714 3418 825 3507 κέρας,
839 3417 895 3485 καί
906 3412 1023 3505 ἐπειδὴ
