<?xml version="1.0" encoding="UTF-8"?>
<!DOCTYPE html PUBLIC "-//W3C//DTD XHTML 1.0 Transitional//EN"
    "http://www.w3.org/TR/xhtml1/DTD/xhtml1-transitional.dtd">
<html xmlns="http://www.w3.org/1999/xhtml" xml:lang="en" lang="en">
 <head>
  <title>
</title>
<meta http-equiv="Content-Type" content="text/html;charset=utf-8" />
  <meta name='ocr-system' content='tesseract 3.04.00' />
  <meta name='ocr-capabilities' content='ocr_page ocr_carea ocr_par ocr_line ocrx_word'/>
</head>
<body>
  <div class='ocr_page' id='page_1' title='image "./dionysihalicarn01kiesgoog/dionysihalicarn01kiesgoog_0303.png"; bbox 0 0 2384 3850; ppageno 0'>
   <div class='ocr_carea' id='block_1_1' title="bbox 430 105 632 167">
    <p class='ocr_par' dir='ltr' id='par_1_1' title="bbox 430 105 632 167">
     <span class='ocr_line' id='line_1_1' title="bbox 430 105 632 167; baseline 0.01 -2"><span class='ocrx_word' id='word_1_1' title='bbox 430 105 632 167; x_wconf 87' lang='grc' dir='ltr'><strong><em>-ο-.-</em></strong></span> 
     </span>
    </p>
   </div>
   <div class='ocr_carea' id='block_1_2' title="bbox 17 265 1116 3522">
    <p class='ocr_par' dir='ltr' id='par_1_2' title="bbox 44 265 1061 977">
     <span class='ocr_line' id='line_1_2' title="bbox 44 265 1027 370; baseline 0.003 -24"><span class='ocrx_word' id='word_1_2' title='bbox 44 293 109 358; x_wconf 83' lang='grc' dir='ltr'><strong><em>τοῖς</em></strong></span> <span class='ocrx_word' id='word_1_3' title='bbox 130 265 243 357; x_wconf 79' lang='grc' dir='ltr'><strong><em>αὖθις</em></strong></span> <span class='ocrx_word' id='word_1_4' title='bbox 262 278 299 346; x_wconf 82' lang='grc' dir='ltr'><strong><em>ἐκ</em></strong></span> <span class='ocrx_word' id='word_1_5' title='bbox 318 279 492 365; x_wconf 77' lang='grc' dir='ltr'><em>διαδοχῆς,</em></span> <span class='ocrx_word' id='word_1_6' title='bbox 516 274 690 366; x_wconf 76' lang='grc' dir='ltr'><em>συστάδην</em></span> <span class='ocrx_word' id='word_1_7' title='bbox 706 277 768 365; x_wconf 72' lang='grc' dir='ltr'><strong><em>μὲν</em></strong></span> <span class='ocrx_word' id='word_1_8' title='bbox 786 279 842 348; x_wconf 87' lang='grc' dir='ltr'><strong><em>καλ</em></strong></span> <span class='ocrx_word' id='word_1_9' title='bbox 862 280 898 348; x_wconf 87' lang='grc' dir='ltr'><strong><em>ἐκ</em></strong></span> <span class='ocrx_word' id='word_1_10' title='bbox 915 275 1027 370; x_wconf 87' lang='grc' dir='ltr'><strong><em>χειρός</em></strong></span> 
     </span>
     <span class='ocr_line' id='line_1_3' title="bbox 44 374 1027 471; baseline 0.003 -23"><span class='ocrx_word' id='word_1_11' title='bbox 44 375 161 449; x_wconf 79' lang='grc' dir='ltr'><strong><em>οὐκέτι</em></strong></span> <span class='ocrx_word' id='word_1_12' title='bbox 192 375 391 468; x_wconf 88' lang='grc' dir='ltr'><strong><em>μαχόμενοι,</em></strong></span> <span class='ocrx_word' id='word_1_13' title='bbox 427 374 609 466; x_wconf 78' lang='grc' dir='ltr'><strong><em>πρόσωθεν</em></strong></span> <span class='ocrx_word' id='word_1_14' title='bbox 639 377 678 448; x_wconf 72' lang='grc' dir='ltr'><strong><em>δέ</em></strong></span> <span class='ocrx_word' id='word_1_15' title='bbox 702 377 882 467; x_wconf 77' lang='grc' dir='ltr'><strong><em>βάλλοντες</em></strong></span> <span class='ocrx_word' id='word_1_16' title='bbox 905 376 1027 471; x_wconf 90' lang='grc' dir='ltr'><strong><em>άθρόοι</em></strong></span> 
     </span>
     <span class='ocr_line' id='line_1_4' title="bbox 46 469 1026 574; baseline 0.002 -25"><span class='ocrx_word' id='word_1_17' title='bbox 46 479 186 569; x_wconf 84' lang='grc' dir='ltr'><strong><em>λόγχαις</em></strong></span> <span class='ocrx_word' id='word_1_18' title='bbox 204 482 263 548; x_wconf 81' lang='grc' dir='ltr'><strong><em>καὶ</em></strong></span> <span class='ocrx_word' id='word_1_19' title='bbox 280 476 435 569; x_wconf 76' lang='grc' dir='ltr'><em>χερμάσι·</em></span> <span class='ocrx_word' id='word_1_20' title='bbox 477 480 533 550; x_wconf 84' lang='grc' dir='ltr'><strong><em>καὶ</em></strong></span> <span class='ocrx_word' id='word_1_21' title='bbox 551 469 595 568; x_wconf 79' lang='grc' dir='ltr'><strong><em>ἦν</em></strong></span> <span class='ocrx_word' id='word_1_22' title='bbox 611 483 741 574; x_wconf 75' lang='grc' dir='ltr'><strong><em>νιφετῷ</em></strong></span> <span class='ocrx_word' id='word_1_23' title='bbox 757 479 987 571; x_wconf 81' lang='grc' dir='ltr'><strong><em>παραπλήσιος</em></strong></span> <span class='ocrx_word' id='word_1_24' title='bbox 1004 477 1026 571; x_wconf 81' lang='grc' dir='ltr'><em>ἡ</em></span> 
     </span>
     <span class='ocr_line' id='line_1_5' title="bbox 45 578 1026 672; baseline 0.002 -20"><span class='ocrx_word' id='word_1_25' title='bbox 45 578 187 670; x_wconf 77' lang='grc' dir='ltr'><strong><em>πληθῶς</em></strong></span> <span class='ocrx_word' id='word_1_26' title='bbox 210 584 280 651; x_wconf 91' lang='grc' dir='ltr'><strong><em>τῶν</em></strong></span> <span class='ocrx_word' id='word_1_27' title='bbox 304 585 423 670; x_wconf 93' lang='grc' dir='ltr'><strong><em>βελῶν.</em></strong></span> <span class='ocrx_word' id='word_1_28' title='bbox 461 586 497 650; x_wconf 87' lang='grc' dir='ltr'><strong><em>οί</em></strong></span> <span class='ocrx_word' id='word_1_29' title='bbox 520 581 557 650; x_wconf 77' lang='grc' dir='ltr'><strong><em>δέ</em></strong></span> <span class='ocrx_word' id='word_1_30' title='bbox 576 578 729 672; x_wconf 69' lang='grc' dir='ltr'><strong><em>Ῥωμαῖοι</em></strong></span> <span class='ocrx_word' id='word_1_31' title='bbox 759 579 1026 672; x_wconf 78' lang='grc' dir='ltr'><em>συστρεφόμενοι</em></span> 
     </span>
     <span class='ocr_line' id='line_1_6' title="bbox 45 678 1061 773; baseline 0.001 -21"><span class='ocrx_word' id='word_1_32' title='bbox 45 683 127 754; x_wconf 84' lang='grc' dir='ltr'><strong><em>κατά</em></strong></span> <span class='ocrx_word' id='word_1_33' title='bbox 157 679 281 771; x_wconf 83' lang='grc' dir='ltr'><strong><em>λόχους</em></strong></span> <span class='ocrx_word' id='word_1_34' title='bbox 304 685 525 772; x_wconf 79' lang='grc' dir='ltr'><strong><em>προσέτρεχον</em></strong></span> <span class='ocrx_word' id='word_1_35' title='bbox 550 679 664 766; x_wconf 83' lang='grc' dir='ltr'><strong><em>αότοίς</em></strong></span> <span class='ocrx_word' id='word_1_36' title='bbox 686 679 749 772; x_wconf 76' lang='grc' dir='ltr'><strong><em>οὐχ</em></strong></span> <span class='ocrx_word' id='word_1_37' title='bbox 777 678 1025 773; x_wconf 78' lang='grc' dir='ltr'><strong><em>ὑφισταμένοις,</em></strong></span> <span class='ocrx_word' id='word_1_38' title='bbox 1044 716 1061 765; x_wconf 83' lang='lat'><strong>5</strong></span> 
     </span>
     <span class='ocr_line' id='line_1_7' title="bbox 46 779 1027 875; baseline 0.001 -21"><span class='ocrx_word' id='word_1_39' title='bbox 46 788 97 855; x_wconf 81' lang='grc' dir='ltr'><strong><em>καὶ</em></strong></span> <span class='ocrx_word' id='word_1_40' title='bbox 117 782 253 866; x_wconf 84' lang='grc' dir='ltr'><strong><em>πολλάς</em></strong></span> <span class='ocrx_word' id='word_1_41' title='bbox 271 783 399 873; x_wconf 82' lang='grc' dir='ltr'><strong><em>πληγάς</em></strong></span> <span class='ocrx_word' id='word_1_42' title='bbox 416 781 643 874; x_wconf 88' lang='grc' dir='ltr'><strong><em>λαμβάνοντες</em></strong></span> <span class='ocrx_word' id='word_1_43' title='bbox 665 782 732 855; x_wconf 79' lang='grc' dir='ltr'><strong><em>ὑπό</em></strong></span> <span class='ocrx_word' id='word_1_44' title='bbox 749 788 818 855; x_wconf 88' lang='grc' dir='ltr'><strong><em>τῶν</em></strong></span> <span class='ocrx_word' id='word_1_45' title='bbox 835 787 928 875; x_wconf 76' lang='grc' dir='ltr'><strong><em>πέριξ</em></strong></span> <span class='ocrx_word' id='word_1_46' title='bbox 945 779 1027 855; x_wconf 75' lang='grc' dir='ltr'><strong><em>ὑπέ-</em></strong></span> 
     </span>
     <span class='ocr_line' id='line_1_8' title="bbox 47 877 1027 977; baseline 0 -20"><span class='ocrx_word' id='word_1_47' title='bbox 47 915 164 974; x_wconf 87' lang='grc' dir='ltr'><strong><em>μενον.</em></strong></span> <span class='ocrx_word' id='word_1_48' title='bbox 191 881 237 966; x_wconf 87' lang='grc' dir='ltr'><strong><em>ῶς</em></strong></span> <span class='ocrx_word' id='word_1_49' title='bbox 257 886 294 956; x_wconf 77' lang='grc' dir='ltr'><strong><em>δέ</em></strong></span> <span class='ocrx_word' id='word_1_50' title='bbox 312 883 352 956; x_wconf 93' lang='grc' dir='ltr'><strong><em>τά</em></strong></span> <span class='ocrx_word' id='word_1_51' title='bbox 369 913 406 956; x_wconf 92' lang='grc' dir='ltr'><strong><em>τε</em></strong></span> <span class='ocrx_word' id='word_1_52' title='bbox 422 888 504 976; x_wconf 83' lang='grc' dir='ltr'><strong><em>ξίφη</em></strong></span> <span class='ocrx_word' id='word_1_53' title='bbox 522 895 658 968; x_wconf 75' lang='grc' dir='ltr'><strong><em>πολλοῖς</em></strong></span> <span class='ocrx_word' id='word_1_54' title='bbox 668 882 816 977; x_wconf 83' lang='grc' dir='ltr'><strong><em>άχρηστα</em></strong></span> <span class='ocrx_word' id='word_1_55' title='bbox 832 877 888 976; x_wconf 78' lang='grc' dir='ltr'><strong><em>ἦν,</em></strong></span> <span class='ocrx_word' id='word_1_56' title='bbox 906 885 1027 976; x_wconf 77' lang='grc' dir='ltr'><strong><em>τὰμὲν</em></strong></span> 
     </span>
    </p>

    <p class='ocr_par' dir='ltr' id='par_1_3' title="bbox 17 983 1027 1182">
     <span class='ocr_line' id='line_1_9' title="bbox 17 983 1027 1078; baseline 0.002 -22"><span class='ocrx_word' id='word_1_57' title='bbox 17 1003 20 1056; x_wconf 76' lang='grc' dir='ltr'><strong><em>ι</em></strong></span> <span class='ocrx_word' id='word_1_58' title='bbox 46 985 318 1077; x_wconf 72' lang='grc' dir='ltr'><strong><em>ἀπεστομωμένα</em></strong></span> <span class='ocrx_word' id='word_1_59' title='bbox 333 985 391 1069; x_wconf 87' lang='grc' dir='ltr'><strong><em>τάς</em></strong></span> <span class='ocrx_word' id='word_1_60' title='bbox 410 983 528 1077; x_wconf 88' lang='grc' dir='ltr'><strong><em>άκμάς,</em></strong></span> <span class='ocrx_word' id='word_1_61' title='bbox 546 986 587 1059; x_wconf 85' lang='grc' dir='ltr'><strong><em>τά</em></strong></span> <span class='ocrx_word' id='word_1_62' title='bbox 605 988 644 1058; x_wconf 74' lang='grc' dir='ltr'><strong><em>δέ</em></strong></span> <span class='ocrx_word' id='word_1_63' title='bbox 661 986 860 1078; x_wconf 80' lang='grc' dir='ltr'><strong><em>κατεαγότα,</em></strong></span> <span class='ocrx_word' id='word_1_64' title='bbox 885 989 1027 1059; x_wconf 79' lang='grc' dir='ltr'><strong><em>καὶτῶν</em></strong></span> 
     </span>
     <span class='ocr_line' id='line_1_10' title="bbox 48 1086 1027 1182; baseline 0.002 -24"><span class='ocrx_word' id='word_1_65' title='bbox 48 1088 211 1162; x_wconf 79' lang='grc' dir='ltr'><strong><em>ἀσπίδων</em></strong></span> <span class='ocrx_word' id='word_1_66' title='bbox 233 1086 274 1158; x_wconf 86' lang='grc' dir='ltr'><strong><em>τά</em></strong></span> <span class='ocrx_word' id='word_1_67' title='bbox 291 1091 385 1178; x_wconf 82' lang='grc' dir='ltr'><strong><em>πέριξ</em></strong></span> <span class='ocrx_word' id='word_1_68' title='bbox 404 1099 500 1172; x_wconf 81' lang='grc' dir='ltr'><strong><em>Ιίτυος</em></strong></span> <span class='ocrx_word' id='word_1_69' title='bbox 524 1087 665 1180; x_wconf 89' lang='grc' dir='ltr'><strong><em>ἐχόμενα</em></strong></span> <span class='ocrx_word' id='word_1_70' title='bbox 683 1091 922 1182; x_wconf 88' lang='grc' dir='ltr'><strong><em>διετέθρυπτο,</em></strong></span> <span class='ocrx_word' id='word_1_71' title='bbox 941 1095 1027 1174; x_wconf 80' lang='grc' dir='ltr'><strong><em>ἐξαι-</em></strong></span> 
     </span>
    </p>

    <p class='ocr_par' dir='ltr' id='par_1_4' title="bbox 17 1189 1080 1792">
     <span class='ocr_line' id='line_1_11' title="bbox 17 1189 1079 1283; baseline 0.004 -25"><span class='ocrx_word' id='word_1_72' title='bbox 17 1200 104 1282; x_wconf 72' lang='grc' dir='ltr'><strong><em>λλιμοί</em></strong></span> <span class='ocrx_word' id='word_1_73' title='bbox 127 1219 169 1262; x_wconf 91' lang='grc' dir='ltr'><strong><em>τε</em></strong></span> <span class='ocrx_word' id='word_1_74' title='bbox 195 1195 231 1260; x_wconf 88' lang='grc' dir='ltr'><strong><em>οί</em></strong></span> <span class='ocrx_word' id='word_1_75' title='bbox 251 1196 387 1273; x_wconf 90' lang='grc' dir='ltr'><strong><em>πλείους</em></strong></span> <span class='ocrx_word' id='word_1_76' title='bbox 411 1192 467 1261; x_wconf 78' lang='grc' dir='ltr'><strong><em>καὶ</em></strong></span> <span class='ocrx_word' id='word_1_77' title='bbox 491 1198 685 1280; x_wconf 76' lang='grc' dir='ltr'><strong><em>καταβελεῖς</em></strong></span> <span class='ocrx_word' id='word_1_78' title='bbox 709 1193 766 1262; x_wconf 81' lang='grc' dir='ltr'><strong><em>καὶ</em></strong></span> <span class='ocrx_word' id='word_1_79' title='bbox 784 1190 969 1283; x_wconf 79' lang='grc' dir='ltr'><strong><em>παράλυτοι</em></strong></span> <span class='ocrx_word' id='word_1_80' title='bbox 985 1189 1027 1262; x_wconf 85' lang='grc' dir='ltr'><strong><em>τά</em></strong></span> <span class='ocrx_word' id='word_1_81' title='bbox 1045 1223 1079 1273; x_wconf 85' lang='lat'><strong><em>10</em></strong></span> 
     </span>
     <span class='ocr_line' id='line_1_12' title="bbox 49 1283 1027 1384; baseline 0 -20"><span class='ocrx_word' id='word_1_82' title='bbox 49 1297 131 1384; x_wconf 89' lang='grc' dir='ltr'><strong><em>μέλη</em></strong></span> <span class='ocrx_word' id='word_1_83' title='bbox 154 1290 213 1362; x_wconf 81' lang='grc' dir='ltr'><strong><em>διὰ</em></strong></span> <span class='ocrx_word' id='word_1_84' title='bbox 231 1296 361 1380; x_wconf 80' lang='grc' dir='ltr'><strong><em>πλῆθος</em></strong></span> <span class='ocrx_word' id='word_1_85' title='bbox 378 1291 578 1384; x_wconf 78' lang='grc' dir='ltr'><strong><em>τραυμάτων</em></strong></span> <span class='ocrx_word' id='word_1_86' title='bbox 595 1283 693 1383; x_wconf 81' lang='grc' dir='ltr'><strong><em>ἦσαν,</em></strong></span> <span class='ocrx_word' id='word_1_87' title='bbox 712 1292 1027 1384; x_wconf 77' lang='grc' dir='ltr'><strong><em>καταφρονήσαντες</em></strong></span> 
     </span>
     <span class='ocr_line' id='line_1_13' title="bbox 50 1391 1027 1487; baseline 0 -21"><span class='ocrx_word' id='word_1_88' title='bbox 50 1391 166 1466; x_wconf 79' lang='grc' dir='ltr'><strong><em>αὐτῶν</em></strong></span> <span class='ocrx_word' id='word_1_89' title='bbox 185 1399 222 1464; x_wconf 84' lang='grc' dir='ltr'><strong><em>οί</em></strong></span> <span class='ocrx_word' id='word_1_90' title='bbox 241 1395 409 1484; x_wconf 79' lang='grc' dir='ltr'><strong><em>Τυρρηνοὶ</em></strong></span> <span class='ocrx_word' id='word_1_91' title='bbox 421 1399 591 1487; x_wconf 81' lang='grc' dir='ltr'><strong><em>χωροῦσιν</em></strong></span> <span class='ocrx_word' id='word_1_92' title='bbox 608 1391 724 1484; x_wconf 86' lang='grc' dir='ltr'><strong><em>ὁμόσε·</em></strong></span> <span class='ocrx_word' id='word_1_93' title='bbox 749 1397 805 1464; x_wconf 84' lang='grc' dir='ltr'><strong><em>καὶ</em></strong></span> <span class='ocrx_word' id='word_1_94' title='bbox 824 1401 859 1465; x_wconf 91' lang='grc' dir='ltr'><strong><em>οί</em></strong></span> <span class='ocrx_word' id='word_1_95' title='bbox 873 1393 1027 1485; x_wconf 82' lang='grc' dir='ltr'><strong><em>Ῥωμαῖοι</em></strong></span> 
     </span>
     <span class='ocr_line' id='line_1_14' title="bbox 51 1491 1026 1588; baseline -0.003 -20"><span class='ocrx_word' id='word_1_96' title='bbox 51 1503 320 1587; x_wconf 86' lang='grc' dir='ltr'><strong><em>προσπίπτοντες</em></strong></span> <span class='ocrx_word' id='word_1_97' title='bbox 345 1493 458 1588; x_wconf 87' lang='grc' dir='ltr'><strong><em>ῶσπερ</em></strong></span> <span class='ocrx_word' id='word_1_98' title='bbox 481 1502 587 1588; x_wconf 91' lang='grc' dir='ltr'><strong><em>θηρία</em></strong></span> <span class='ocrx_word' id='word_1_99' title='bbox 615 1493 738 1587; x_wconf 90' lang='grc' dir='ltr'><strong><em>δόρατά</em></strong></span> <span class='ocrx_word' id='word_1_100' title='bbox 762 1524 798 1566; x_wconf 91' lang='grc' dir='ltr'><strong><em>τε</em></strong></span> <span class='ocrx_word' id='word_1_101' title='bbox 822 1491 934 1566; x_wconf 82' lang='grc' dir='ltr'><strong><em>αὐτῶν</em></strong></span> <span class='ocrx_word' id='word_1_102' title='bbox 958 1498 1026 1565; x_wconf 85' lang='grc' dir='ltr'><strong><em>ἐπι-</em></strong></span> 
     </span>
     <span class='ocr_line' id='line_1_15' title="bbox 52 1595 1027 1689; baseline -0.002 -21"><span class='ocrx_word' id='word_1_103' title='bbox 52 1595 304 1689; x_wconf 83' lang='grc' dir='ltr'><strong><em>λαμβανόμενοι</em></strong></span> <span class='ocrx_word' id='word_1_104' title='bbox 321 1599 507 1686; x_wconf 80' lang='grc' dir='ltr'><strong><em>κατέκλων,</em></strong></span> <span class='ocrx_word' id='word_1_105' title='bbox 531 1599 588 1668; x_wconf 85' lang='grc' dir='ltr'><strong><em>καλ</em></strong></span> <span class='ocrx_word' id='word_1_106' title='bbox 606 1601 686 1687; x_wconf 79' lang='grc' dir='ltr'><strong><em>ξίφη</em></strong></span> <span class='ocrx_word' id='word_1_107' title='bbox 712 1595 927 1687; x_wconf 80' lang='grc' dir='ltr'><strong><em>δραττόμενοι</em></strong></span> <span class='ocrx_word' id='word_1_108' title='bbox 944 1595 1027 1668; x_wconf 81' lang='grc' dir='ltr'><strong><em>κατὰ</em></strong></span> 
     </span>
     <span class='ocr_line' id='line_1_16' title="bbox 51 1694 1080 1792; baseline 0 -22"><span class='ocrx_word' id='word_1_109' title='bbox 51 1699 106 1783; x_wconf 82' lang='grc' dir='ltr'><strong><em>τάς</em></strong></span> <span class='ocrx_word' id='word_1_110' title='bbox 127 1697 238 1790; x_wconf 84' lang='grc' dir='ltr'><strong><em>ἀκμάς</em></strong></span> <span class='ocrx_word' id='word_1_111' title='bbox 256 1696 434 1789; x_wconf 85' lang='grc' dir='ltr'><strong><em>ἀπέσπων,</em></strong></span> <span class='ocrx_word' id='word_1_112' title='bbox 458 1701 515 1770; x_wconf 83' lang='grc' dir='ltr'><strong><em>καὶ</em></strong></span> <span class='ocrx_word' id='word_1_113' title='bbox 538 1706 787 1792; x_wconf 86' lang='grc' dir='ltr'><strong><em>περικυλίοντες</em></strong></span> <span class='ocrx_word' id='word_1_114' title='bbox 812 1705 860 1779; x_wconf 88' lang='grc' dir='ltr'><strong><em>είς</em></strong></span> <span class='ocrx_word' id='word_1_115' title='bbox 882 1694 944 1788; x_wconf 81' lang='grc' dir='ltr'><strong><em>τὴν</em></strong></span> <span class='ocrx_word' id='word_1_116' title='bbox 961 1703 1027 1787; x_wconf 79' lang='grc' dir='ltr'><strong><em>γῆν</em></strong></span> <span class='ocrx_word' id='word_1_117' title='bbox 1046 1728 1080 1777; x_wconf 76' lang='lat'><strong><em>15</em></strong></span> 
     </span>
    </p>

    <p class='ocr_par' dir='ltr' id='par_1_5' title="bbox 17 1795 1027 1896">
     <span class='ocr_line' id='line_1_17' title="bbox 17 1795 1027 1896; baseline -0.007 -20"><span class='ocrx_word' id='word_1_118' title='bbox 17 1871 18 1876; x_wconf 73' lang='grc'>,</span> <span class='ocrx_word' id='word_1_119' title='bbox 52 1805 89 1872; x_wconf 83' lang='grc' dir='ltr'><strong><em>τὰ</em></strong></span> <span class='ocrx_word' id='word_1_120' title='bbox 108 1799 251 1892; x_wconf 81' lang='grc' dir='ltr'><strong><em>σῶμυτα</em></strong></span> <span class='ocrx_word' id='word_1_121' title='bbox 275 1799 506 1893; x_wconf 81' lang='grc' dir='ltr'><strong><em>συνεφύροντο</em></strong></span> <span class='ocrx_word' id='word_1_122' title='bbox 524 1805 625 1896; x_wconf 81' lang='grc' dir='ltr'><strong><em>θυμῶ</em></strong></span> <span class='ocrx_word' id='word_1_123' title='bbox 649 1800 686 1872; x_wconf 87' lang='grc' dir='ltr'><strong><em>τὸ</em></strong></span> <span class='ocrx_word' id='word_1_124' title='bbox 703 1810 820 1872; x_wconf 81' lang='grc' dir='ltr'><strong><em>πλεῖον</em></strong></span> <span class='ocrx_word' id='word_1_125' title='bbox 843 1795 865 1890; x_wconf 78' lang='grc' dir='ltr'><strong><em>ἦ</em></strong></span> <span class='ocrx_word' id='word_1_126' title='bbox 885 1797 1027 1889; x_wconf 90' lang='grc' dir='ltr'><strong><em>δυνάμει</em></strong></span> 
     </span>
    </p>

    <p class='ocr_par' dir='ltr' id='par_1_6' title="bbox 17 1883 1116 2708">
     <span class='ocr_line' id='line_1_18' title="bbox 17 1883 1027 1997; baseline 0 -24"><span class='ocrx_word' id='word_1_127' title='bbox 17 1883 18 1957; x_wconf 69' lang='grc' dir='ltr'><strong><em>λ</em></strong></span> <span class='ocrx_word' id='word_1_128' title='bbox 54 1900 336 1993; x_wconf 81' lang='grc' dir='ltr'><strong><em>διαγωνιζόμενοι.</em></strong></span> <span class='ocrx_word' id='word_1_129' title='bbox 380 1899 464 1975; x_wconf 87' lang='grc' dir='ltr'><strong><em>ῶστε</em></strong></span> <span class='ocrx_word' id='word_1_130' title='bbox 488 1899 600 1976; x_wconf 86' lang='grc' dir='ltr'><strong><em>οόιιέτι</em></strong></span> <span class='ocrx_word' id='word_1_131' title='bbox 624 1899 795 1997; x_wconf 78' lang='grc' dir='ltr'><strong><em>συνῄεσαν</em></strong></span> <span class='ocrx_word' id='word_1_132' title='bbox 830 1899 944 1986; x_wconf 77' lang='grc' dir='ltr'><strong><em>αὐτοῖς</em></strong></span> <span class='ocrx_word' id='word_1_133' title='bbox 980 1909 1027 1985; x_wconf 88' lang='grc' dir='ltr'><strong><em>είς</em></strong></span> 
     </span>
     <span class='ocr_line' id='line_1_19' title="bbox 54 2003 1028 2098; baseline -0.001 -21"><span class='ocrx_word' id='word_1_134' title='bbox 54 2022 166 2097; x_wconf 80' lang='grc' dir='ltr'><strong><em>χεῖρας</em></strong></span> <span class='ocrx_word' id='word_1_135' title='bbox 193 2011 229 2076; x_wconf 83' lang='grc' dir='ltr'><strong><em>ολ</em></strong></span> <span class='ocrx_word' id='word_1_136' title='bbox 249 2006 415 2095; x_wconf 89' lang='grc' dir='ltr'><strong><em>πολέμιοι,</em></strong></span> <span class='ocrx_word' id='word_1_137' title='bbox 439 2003 476 2076; x_wconf 92' lang='grc' dir='ltr'><strong><em>τό</em></strong></span> <span class='ocrx_word' id='word_1_138' title='bbox 493 2035 529 2077; x_wconf 86' lang='grc' dir='ltr'><strong><em>τε</em></strong></span> <span class='ocrx_word' id='word_1_139' title='bbox 555 2004 753 2098; x_wconf 79' lang='grc' dir='ltr'><strong><em>καρτερικὸν</em></strong></span> <span class='ocrx_word' id='word_1_140' title='bbox 771 2004 1028 2097; x_wconf 79' lang='grc' dir='ltr'><strong><em>ἐκπληττόμενοι</em></strong></span> 
     </span>
     <span class='ocr_line' id='line_1_20' title="bbox 54 2103 1029 2200; baseline 0.002 -23"><span class='ocrx_word' id='word_1_141' title='bbox 54 2113 120 2179; x_wconf 88' lang='grc' dir='ltr'><strong><em>τῶν</em></strong></span> <span class='ocrx_word' id='word_1_142' title='bbox 148 2109 302 2198; x_wconf 82' lang='grc' dir='ltr'><strong><em>ἀνδρῶν,</em></strong></span> <span class='ocrx_word' id='word_1_143' title='bbox 338 2109 393 2177; x_wconf 87' lang='grc' dir='ltr'><strong><em>καὶ</em></strong></span> <span class='ocrx_word' id='word_1_144' title='bbox 416 2105 478 2195; x_wconf 76' lang='grc' dir='ltr'><strong><em>τὴν</em></strong></span> <span class='ocrx_word' id='word_1_145' title='bbox 506 2103 671 2179; x_wconf 78' lang='grc' dir='ltr'><strong><em>ἀπόνοιαν</em></strong></span> <span class='ocrx_word' id='word_1_146' title='bbox 693 2104 737 2195; x_wconf 80' lang='grc' dir='ltr'><strong><em>ἣν</em></strong></span> <span class='ocrx_word' id='word_1_147' title='bbox 759 2106 1029 2200; x_wconf 80' lang='grc' dir='ltr'><strong><em>προσειλήφεσαν</em></strong></span> 
     </span>
     <span class='ocr_line' id='line_1_21' title="bbox 55 2204 1080 2299; baseline 0 -19"><span class='ocrx_word' id='word_1_148' title='bbox 55 2206 138 2281; x_wconf 88' lang='grc' dir='ltr'><strong><em>κατά</em></strong></span> <span class='ocrx_word' id='word_1_149' title='bbox 155 2206 219 2299; x_wconf 79' lang='grc' dir='ltr'><strong><em>τὴν</em></strong></span> <span class='ocrx_word' id='word_1_150' title='bbox 229 2205 422 2297; x_wconf 82' lang='grc' dir='ltr'><strong><em>ἀπόγνωσιν</em></strong></span> <span class='ocrx_word' id='word_1_151' title='bbox 434 2212 495 2281; x_wconf 77' lang='grc' dir='ltr'><strong><em>τοῦ</em></strong></span> <span class='ocrx_word' id='word_1_152' title='bbox 508 2204 567 2298; x_wconf 73' lang='grc' dir='ltr'><strong><em>ζῶν</em></strong></span> <span class='ocrx_word' id='word_1_153' title='bbox 581 2206 744 2291; x_wconf 80' lang='grc' dir='ltr'><strong><em>δεδιότες</em></strong></span> <span class='ocrx_word' id='word_1_154' title='bbox 763 2207 837 2278; x_wconf 79' lang='grc' dir='ltr'><strong><em>ἀλλ’</em></strong></span> <span class='ocrx_word' id='word_1_155' title='bbox 859 2207 1029 2280; x_wconf 78' lang='grc' dir='ltr'><strong><em>ἀποστάν·</em></strong></span> <span class='ocrx_word' id='word_1_156' title='bbox 1046 2238 1080 2287; x_wconf 75' lang='grc' dir='ltr'><strong><em>ορ</em></strong></span> 
     </span>
     <span class='ocr_line' id='line_1_22' title="bbox 55 2300 1116 2400; baseline -0.001 -20"><span class='ocrx_word' id='word_1_157' title='bbox 55 2341 106 2393; x_wconf 88' lang='grc' dir='ltr'><strong><em>τες</em></strong></span> <span class='ocrx_word' id='word_1_158' title='bbox 126 2300 230 2391; x_wconf 80' lang='grc' dir='ltr'><strong><em>αὖθις</em></strong></span> <span class='ocrx_word' id='word_1_159' title='bbox 247 2318 389 2399; x_wconf 76' lang='grc' dir='ltr'><strong><em>ἔβαλλον</em></strong></span> <span class='ocrx_word' id='word_1_160' title='bbox 406 2307 526 2400; x_wconf 78' lang='grc' dir='ltr'><strong><em>ἀθρόοι</em></strong></span> <span class='ocrx_word' id='word_1_161' title='bbox 550 2314 606 2381; x_wconf 82' lang='grc' dir='ltr'><strong><em>καλ</em></strong></span> <span class='ocrx_word' id='word_1_162' title='bbox 629 2308 741 2394; x_wconf 83' lang='grc' dir='ltr'><strong><em>ξόλοις</em></strong></span> <span class='ocrx_word' id='word_1_163' title='bbox 764 2311 821 2379; x_wconf 77' lang='grc' dir='ltr'><strong><em>καὶ</em></strong></span> <span class='ocrx_word' id='word_1_164' title='bbox 844 2315 954 2390; x_wconf 78' lang='grc' dir='ltr'><strong><em>λίθοις</em></strong></span> <span class='ocrx_word' id='word_1_165' title='bbox 972 2313 1028 2380; x_wconf 86' lang='grc' dir='ltr'><strong><em>καὶ</em></strong></span> <span class='ocrx_word' id='word_1_166' title='bbox 1114 2336 1116 2340; x_wconf 79' lang='grc'><strong>’</strong></span> 
     </span>
     <span class='ocr_line' id='line_1_23' title="bbox 56 2410 1029 2507; baseline -0.001 -25"><span class='ocrx_word' id='word_1_167' title='bbox 56 2412 119 2507; x_wconf 76' lang='grc' dir='ltr'><strong><em>ὅτῳ</em></strong></span> <span class='ocrx_word' id='word_1_168' title='bbox 145 2410 237 2505; x_wconf 82' lang='grc' dir='ltr'><strong><em>άλλφ</em></strong></span> <span class='ocrx_word' id='word_1_169' title='bbox 263 2410 451 2502; x_wconf 88' lang='grc' dir='ltr'><strong><em>έντόχοιεν,</em></strong></span> <span class='ocrx_word' id='word_1_170' title='bbox 476 2415 532 2483; x_wconf 84' lang='grc' dir='ltr'><strong><em>καὶ</em></strong></span> <span class='ocrx_word' id='word_1_171' title='bbox 553 2414 774 2492; x_wconf 81' lang='grc' dir='ltr'><strong><em>τελευτῶντες</em></strong></span> <span class='ocrx_word' id='word_1_172' title='bbox 798 2412 1029 2499; x_wconf 80' lang='grc' dir='ltr'><strong><em>ἐγκατέχωσαν</em></strong></span> 
     </span>
     <span class='ocr_line' id='line_1_24' title="bbox 57 2508 1029 2607; baseline 0 -25"><span class='ocrx_word' id='word_1_173' title='bbox 57 2511 179 2597; x_wconf 76' lang='grc' dir='ltr'><strong><em>αὐτούς</em></strong></span> <span class='ocrx_word' id='word_1_174' title='bbox 191 2518 237 2607; x_wconf 79' lang='grc' dir='ltr'><strong><em>τῶ</em></strong></span> <span class='ocrx_word' id='word_1_175' title='bbox 251 2512 375 2603; x_wconf 81' lang='grc' dir='ltr'><strong><em>πλήθει</em></strong></span> <span class='ocrx_word' id='word_1_176' title='bbox 393 2516 462 2585; x_wconf 87' lang='grc' dir='ltr'><strong><em>τῶν</em></strong></span> <span class='ocrx_word' id='word_1_177' title='bbox 475 2518 594 2603; x_wconf 91' lang='grc' dir='ltr'><strong><em>βελῶν.</em></strong></span> <span class='ocrx_word' id='word_1_178' title='bbox 618 2518 877 2604; x_wconf 89' lang='grc' dir='ltr'><strong><em>διαφθείραντες</em></strong></span> <span class='ocrx_word' id='word_1_179' title='bbox 896 2512 934 2582; x_wconf 75' lang='grc' dir='ltr'><strong><em>δὲ</em></strong></span> <span class='ocrx_word' id='word_1_180' title='bbox 951 2508 1029 2592; x_wconf 83' lang='grc' dir='ltr'><strong><em>τοῶς</em></strong></span> 
     </span>
     <span class='ocr_line' id='line_1_25' title="bbox 58 2611 1028 2708; baseline -0.002 -23"><span class='ocrx_word' id='word_1_181' title='bbox 58 2614 184 2708; x_wconf 79' lang='grc' dir='ltr'><strong><em>άνδρας</em></strong></span> <span class='ocrx_word' id='word_1_182' title='bbox 204 2623 304 2687; x_wconf 88' lang='grc' dir='ltr'><strong><em>έθεον</em></strong></span> <span class='ocrx_word' id='word_1_183' title='bbox 323 2618 377 2687; x_wconf 79' lang='grc' dir='ltr'><strong><em>ἐπὶ</em></strong></span> <span class='ocrx_word' id='word_1_184' title='bbox 394 2616 432 2687; x_wconf 84' lang='grc' dir='ltr'><strong><em>τὸ</em></strong></span> <span class='ocrx_word' id='word_1_185' title='bbox 450 2613 628 2707; x_wconf 82' lang='grc' dir='ltr'><strong><em>φρούριον,</em></strong></span> <span class='ocrx_word' id='word_1_186' title='bbox 647 2621 779 2705; x_wconf 84' lang='grc' dir='ltr'><strong><em>ἔχοντες</em></strong></span> <span class='ocrx_word' id='word_1_187' title='bbox 796 2611 855 2696; x_wconf 87' lang='grc' dir='ltr'><strong><em>τάς</em></strong></span> <span class='ocrx_word' id='word_1_188' title='bbox 872 2618 941 2685; x_wconf 92' lang='grc' dir='ltr'><strong><em>τῶν</em></strong></span> <span class='ocrx_word' id='word_1_189' title='bbox 959 2616 1028 2683; x_wconf 88' lang='grc' dir='ltr'><strong><em>έπι-</em></strong></span> 
     </span>
    </p>

    <p class='ocr_par' dir='ltr' id='par_1_7' title="bbox 17 2714 1080 2808">
     <span class='ocr_line' id='line_1_26' title="bbox 17 2714 1080 2808; baseline 0.004 -19"><span class='ocrx_word' id='word_1_190' title='bbox 17 2732 19 2769; x_wconf 56' lang='grc' dir='ltr'><strong><em>ί</em></strong></span> <span class='ocrx_word' id='word_1_191' title='bbox 59 2715 276 2807; x_wconf 87' lang='grc' dir='ltr'><strong><em>φανεστάτων</em></strong></span> <span class='ocrx_word' id='word_1_192' title='bbox 294 2714 458 2807; x_wconf 87' lang='grc' dir='ltr'><strong><em>κεφαλάς,</em></strong></span> <span class='ocrx_word' id='word_1_193' title='bbox 479 2716 523 2799; x_wconf 88' lang='grc' dir='ltr'><strong><em>ῶς</em></strong></span> <span class='ocrx_word' id='word_1_194' title='bbox 543 2720 576 2801; x_wconf 82' lang='grc' dir='ltr'><strong><em>ἐξ</em></strong></span> <span class='ocrx_word' id='word_1_195' title='bbox 595 2714 721 2806; x_wconf 81' lang='grc' dir='ltr'><strong><em>ἐφόδου</em></strong></span> <span class='ocrx_word' id='word_1_196' title='bbox 737 2715 815 2798; x_wconf 81' lang='grc' dir='ltr'><strong><em>τούς</em></strong></span> <span class='ocrx_word' id='word_1_197' title='bbox 834 2719 905 2788; x_wconf 77' lang='grc' dir='ltr'><strong><em>ἐκεῖ</em></strong></span> <span class='ocrx_word' id='word_1_198' title='bbox 919 2743 1029 2808; x_wconf 90' lang='grc' dir='ltr'><strong><em>παρα·</em></strong></span> <span class='ocrx_word' id='word_1_199' title='bbox 1046 2745 1080 2795; x_wconf 81' lang='grc' dir='ltr'><strong><em>εε</em></strong></span> 
     </span>
    </p>

    <p class='ocr_par' dir='ltr' id='par_1_8' title="bbox 17 2815 1082 3522">
     <span class='ocr_line' id='line_1_27' title="bbox 17 2815 1034 2915; baseline 0.006 -33"><span class='ocrx_word' id='word_1_200' title='bbox 17 2817 250 2910; x_wconf 77' lang='grc' dir='ltr'><strong><em>λοιληυόμενοι.</em></strong></span> <span class='ocrx_word' id='word_1_201' title='bbox 287 2815 327 2889; x_wconf 85' lang='grc' dir='ltr'><strong><em>οό</em></strong></span> <span class='ocrx_word' id='word_1_202' title='bbox 345 2816 413 2909; x_wconf 79' lang='grc' dir='ltr'><strong><em>μὴν</em></strong></span> <span class='ocrx_word' id='word_1_203' title='bbox 431 2816 579 2910; x_wconf 87' lang='grc' dir='ltr'><strong><em>ἐχῶρησέ</em></strong></span> <span class='ocrx_word' id='word_1_204' title='bbox 600 2848 639 2908; x_wconf 91' lang='grc' dir='ltr'><strong><em>γε</em></strong></span> <span class='ocrx_word' id='word_1_205' title='bbox 663 2816 779 2902; x_wconf 76' lang='grc' dir='ltr'><strong><em>αὐτοῖς</em></strong></span> <span class='ocrx_word' id='word_1_206' title='bbox 796 2817 879 2889; x_wconf 86' lang='grc' dir='ltr'><strong><em>κατά</em></strong></span> <span class='ocrx_word' id='word_1_207' title='bbox 895 2816 959 2907; x_wconf 75' lang='grc' dir='ltr'><strong><em>τὴν</em></strong></span> <span class='ocrx_word' id='word_1_208' title='bbox 978 2821 1034 2915; x_wconf 58' lang='grc' dir='ltr'><strong><em>ἐλῂ</em></strong></span> 
     </span>
     <span class='ocr_line' id='line_1_28' title="bbox 60 2915 1079 3012; baseline -0.003 -21"><span class='ocrx_word' id='word_1_209' title='bbox 60 2926 140 2992; x_wconf 89' lang='grc' dir='ltr'><strong><em>πίδα</em></strong></span> <span class='ocrx_word' id='word_1_210' title='bbox 153 2918 191 2992; x_wconf 82' lang='grc' dir='ltr'><strong><em>τὸ</em></strong></span> <span class='ocrx_word' id='word_1_211' title='bbox 206 2927 320 3010; x_wconf 80' lang='grc' dir='ltr'><strong><em>ἔργον·</em></strong></span> <span class='ocrx_word' id='word_1_212' title='bbox 340 2925 375 2991; x_wconf 87' lang='grc' dir='ltr'><strong><em>οί</em></strong></span> <span class='ocrx_word' id='word_1_213' title='bbox 384 2918 448 3012; x_wconf 84' lang='grc' dir='ltr'><strong><em>γάρ</em></strong></span> <span class='ocrx_word' id='word_1_214' title='bbox 463 2921 744 3009; x_wconf 84' lang='grc' dir='ltr'><strong><em>καταλειφθέντες</em></strong></span> <span class='ocrx_word' id='word_1_215' title='bbox 758 2923 795 2991; x_wconf 90' lang='grc' dir='ltr'><strong><em>έν</em></strong></span> <span class='ocrx_word' id='word_1_216' title='bbox 809 2916 912 3011; x_wconf 75' lang='grc' dir='ltr'><strong><em>αὐτῷ,</em></strong></span> <span class='ocrx_word' id='word_1_217' title='bbox 927 2915 1028 3008; x_wconf 77' lang='grc' dir='ltr'><strong><em>ζηλῶ·</em></strong></span> <span class='ocrx_word' id='word_1_218' title='bbox 1075 2934 1079 2939; x_wconf 82' lang='grc'><strong>“</strong></span> 
     </span>
     <span class='ocr_line' id='line_1_29' title="bbox 62 3018 1028 3113; baseline -0.005 -19"><span class='ocrx_word' id='word_1_219' title='bbox 62 3048 178 3103; x_wconf 87' lang='grc' dir='ltr'><strong><em>σαντες</em></strong></span> <span class='ocrx_word' id='word_1_220' title='bbox 194 3019 231 3092; x_wconf 86' lang='grc' dir='ltr'><strong><em>τό</em></strong></span> <span class='ocrx_word' id='word_1_221' title='bbox 251 3018 387 3111; x_wconf 73' lang='grc' dir='ltr'><strong><em>εὐγενές</em></strong></span> <span class='ocrx_word' id='word_1_222' title='bbox 404 3024 464 3092; x_wconf 83' lang='grc' dir='ltr'><strong><em>τοῶ</em></strong></span> <span class='ocrx_word' id='word_1_223' title='bbox 480 3019 633 3094; x_wconf 89' lang='grc' dir='ltr'><strong><em>θανάτου</em></strong></span> <span class='ocrx_word' id='word_1_224' title='bbox 656 3025 726 3091; x_wconf 89' lang='grc' dir='ltr'><strong><em>τῶν</em></strong></span> <span class='ocrx_word' id='word_1_225' title='bbox 749 3048 786 3091; x_wconf 91' lang='grc' dir='ltr'><strong><em>τε</em></strong></span> <span class='ocrx_word' id='word_1_226' title='bbox 811 3023 954 3113; x_wconf 83' lang='grc' dir='ltr'><strong><em>ἑταίρων</em></strong></span> <span class='ocrx_word' id='word_1_227' title='bbox 971 3022 1028 3091; x_wconf 81' lang='grc' dir='ltr'><strong><em>καί</em></strong></span> 
     </span>
     <span class='ocr_line' id='line_1_30' title="bbox 61 3118 1026 3214; baseline -0.004 -20"><span class='ocrx_word' id='word_1_228' title='bbox 61 3130 125 3195; x_wconf 91' lang='grc' dir='ltr'><strong><em>τῶν</em></strong></span> <span class='ocrx_word' id='word_1_229' title='bbox 147 3128 339 3214; x_wconf 89' lang='grc' dir='ltr'><strong><em>συγγενῶν,</em></strong></span> <span class='ocrx_word' id='word_1_230' title='bbox 365 3126 507 3213; x_wconf 72' lang='grc' dir='ltr'><strong><em>ἐξῆλθον</em></strong></span> <span class='ocrx_word' id='word_1_231' title='bbox 535 3122 644 3212; x_wconf 90' lang='grc' dir='ltr'><strong><em>όλίγοι</em></strong></span> <span class='ocrx_word' id='word_1_232' title='bbox 674 3120 888 3193; x_wconf 88' lang='grc' dir='ltr'><strong><em>παντάπασιν</em></strong></span> <span class='ocrx_word' id='word_1_233' title='bbox 918 3118 1026 3210; x_wconf 82' lang='grc' dir='ltr'><strong><em>ὄντες,</em></strong></span> 
     </span>
     <span class='ocr_line' id='line_1_31' title="bbox 63 3220 1082 3316; baseline -0.002 -20"><span class='ocrx_word' id='word_1_234' title='bbox 63 3228 114 3297; x_wconf 88' lang='grc' dir='ltr'><strong><em>καλ</em></strong></span> <span class='ocrx_word' id='word_1_235' title='bbox 137 3223 245 3297; x_wconf 80' lang='grc' dir='ltr'><strong><em>πολῶν</em></strong></span> <span class='ocrx_word' id='word_1_236' title='bbox 266 3223 512 3315; x_wconf 76' lang='grc' dir='ltr'><strong><em>ἀγωνισάμενοι</em></strong></span> <span class='ocrx_word' id='word_1_237' title='bbox 534 3226 657 3316; x_wconf 92' lang='grc' dir='ltr'><strong><em>χρόνον</em></strong></span> <span class='ocrx_word' id='word_1_238' title='bbox 685 3221 745 3295; x_wconf 83' lang='grc' dir='ltr'><strong><em>τόν</em></strong></span> <span class='ocrx_word' id='word_1_239' title='bbox 773 3220 877 3295; x_wconf 83' lang='grc' dir='ltr'><strong><em>αὐτὸν</em></strong></span> <span class='ocrx_word' id='word_1_240' title='bbox 903 3221 1029 3315; x_wconf 89' lang='grc' dir='ltr'><strong><em>τρόπον</em></strong></span> <span class='ocrx_word' id='word_1_241' title='bbox 1047 3252 1082 3303; x_wconf 80' lang='lat'><strong><em>30</em></strong></span> 
     </span>
     <span class='ocr_line' id='line_1_32' title="bbox 63 3324 1030 3420; baseline -0.006 -21"><span class='ocrx_word' id='word_1_242' title='bbox 63 3344 127 3410; x_wconf 79' lang='grc' dir='ltr'><strong><em>τοῖς</em></strong></span> <span class='ocrx_word' id='word_1_243' title='bbox 161 3328 284 3420; x_wconf 79' lang='grc' dir='ltr'><strong><em>ἑτέροις</em></strong></span> <span class='ocrx_word' id='word_1_244' title='bbox 313 3326 458 3410; x_wconf 83' lang='grc' dir='ltr'><strong><em>άπαυτες</em></strong></span> <span class='ocrx_word' id='word_1_245' title='bbox 493 3324 744 3418; x_wconf 78' lang='grc' dir='ltr'><strong><em>διεφθάρησαν·</em></strong></span> <span class='ocrx_word' id='word_1_246' title='bbox 779 3325 815 3397; x_wconf 88' lang='grc' dir='ltr'><strong><em>τὸ</em></strong></span> <span class='ocrx_word' id='word_1_247' title='bbox 839 3326 877 3397; x_wconf 72' lang='grc' dir='ltr'><strong><em>δέ</em></strong></span> <span class='ocrx_word' id='word_1_248' title='bbox 906 3330 1030 3415; x_wconf 88' lang='grc' dir='ltr'><strong><em>χωρίον</em></strong></span> 
     </span>
     <span class='ocr_line' id='line_1_33' title="bbox 66 3424 1029 3522; baseline -0.004 -23"><span class='ocrx_word' id='word_1_249' title='bbox 66 3435 183 3520; x_wconf 78' lang='grc' dir='ltr'><strong><em>ἔρημον</em></strong></span> <span class='ocrx_word' id='word_1_250' title='bbox 193 3433 228 3500; x_wconf 88' lang='grc' dir='ltr'><strong><em>οί</em></strong></span> <span class='ocrx_word' id='word_1_251' title='bbox 248 3430 418 3522; x_wconf 82' lang='grc' dir='ltr'><strong><em>Τυρρηνοὶ</em></strong></span> <span class='ocrx_word' id='word_1_252' title='bbox 436 3432 637 3522; x_wconf 86' lang='grc' dir='ltr'><strong><em>παρέλαβον.</em></strong></span> <span class='ocrx_word' id='word_1_253' title='bbox 664 3428 737 3518; x_wconf 80' lang='grc' dir='ltr'><strong><em>ἐμοὶ</em></strong></span> <span class='ocrx_word' id='word_1_254' title='bbox 754 3428 816 3519; x_wconf 79' lang='grc' dir='ltr'><strong><em>μέν</em></strong></span> <span class='ocrx_word' id='word_1_255' title='bbox 836 3425 877 3517; x_wconf 76' lang='grc' dir='ltr'><strong><em>δὴ</em></strong></span> <span class='ocrx_word' id='word_1_256' title='bbox 895 3424 913 3497; x_wconf 88' lang='grc' dir='ltr'><strong><em>δ</em></strong></span> <span class='ocrx_word' id='word_1_257' title='bbox 933 3424 1029 3516; x_wconf 90' lang='grc' dir='ltr'><strong><em>λόγος</em></strong></span> 
     </span>
    </p>
   </div>
   <div class='ocr_carea' id='block_1_3' title="bbox 112 3538 876 3613">
    <p class='ocr_par' dir='ltr' id='par_1_9' title="bbox 112 3538 876 3613">
     <span class='ocr_line' id='line_1_34' title="bbox 112 3538 876 3613; baseline -0.014 -1"><span class='ocrx_word' id='word_1_258' title='bbox 112 3576 189 3613; x_wconf 69' lang='lat' dir='ltr'><strong>mou.</strong></span> <span class='ocrx_word' id='word_1_259' title='bbox 202 3576 248 3611; x_wconf 89' lang='lat'>111.</span> <span class='ocrx_word' id='word_1_260' title='bbox 837 3538 876 3601; x_wconf 82' lang='grc'><strong><em>17</em></strong></span> 
     </span>
    </p>
   </div>
   <div class='ocr_carea' id='block_1_4' title="bbox 0 0 1202 3850">
    <p class='ocr_par' dir='ltr' id='par_1_10' title="bbox 0 0 1202 3850">
     <span class='ocr_line' id='line_1_35' title="bbox 0 0 1202 3850; baseline 0 0"><span class='ocrx_word' id='word_1_261' title='bbox 0 0 1202 3850; x_wconf 95' lang='lat' dir='ltr'><strong><em> </em></strong></span> 
     </span>
    </p>
   </div>
  </div>
 </body>
</html>
