2384 3850
482 128 679 189 -Η-
1003 128 1067 194 213

94 303 153 368 καὶ
189 296 330 382 θύοντες
367 302 404 370 ἐν
438 294 564 370 άπασιν
599 306 699 391 ίεροίς
731 308 777 382 είς
802 298 985 383 εὐπαθείας
1010 306 1066 375 καί

93 395 219 488 ἡδονάς
237 415 309 482 ταῖς
328 402 402 491 ἑξῆς
415 395 553 491 ἡμέραις
572 400 761 491 ἐτράποντο.
805 410 835 473 εί
851 404 913 493 μὲν
930 393 993 475 οὖν
1013 407 1067 475 ἐπλ

93 505 153 591 τῆς
177 500 251 573 τότε
274 510 371 590 νίκης
395 504 565 592 διέμειναν
582 507 640 575 καὶ
656 506 762 594 μηδὲν
781 503 1065 595 ἐπεξειργάσαντο,

92 600 200 673 καλόν
216 599 260 673 διν
277 602 392 686 αὐτοῖς
410 602 540 694 εἰλήφει
553 607 646 686 τέλος
663 601 681 675 ὁ
699 602 801 696 άγάν.
832 603 986 694 Ῥωμαῖοι
1003 604 1067 697 γάρ

91 700 157 775 οὐκ
175 699 218 776 ἂν
234 706 421 796 ὑπέμειναν
439 713 488 777 ἔτι
506 716 688 798 προελθεῖν
708 711 745 777 ἐκ
761 714 822 779 τοῦ
845 705 988 799 χάρακος
1013 709 1066 778 ἐπὶ
1086 729 1101 777 5

91 810 244 901 πολέμῳ·
280 804 452 896 ἀγαπητὸν
479 803 511 877 δ’
537 806 596 897 άυ,
617 815 648 878 εί
664 805 820 897 ἀπῆλθον
835 814 870 879 ἐκ
887 811 945 896 τῆς
968 818 1068 879 πολε-

90 916 193 997 μίας,
217 914 392 999 κρείττουα
414 912 474 979 τοῦ
497 908 670 1001 προδήλου
692 908 844 981 θανάτου
862 906 924 997 τὴν
946 906 1068 993 άδοξον

90 1005 298 1100 ἡγησάμενοι
316 1006 440 1099 φυγήν.
476 1014 542 1082 νῦν
559 1011 597 1081 δὲ
620 1014 681 1082 του
703 1018 855 1091 πλείονος
874 1008 1067 1101 ὀρεγόμενοι

21 1112 153 1181 ειεεκαλ
189 1110 252 1198 τὴν
287 1115 324 1183 ἐκ
347 1115 405 1200 τῆς
431 1112 593 1201 προτέρας
620 1118 715 1202 νίκης
750 1111 858 1195 δόξαν.
887 1107 1065 1199 άπίβαλον.

90 1209 273 1293 ἀκούοντες
290 1210 355 1303 γάρ
372 1210 463 1302 παρά
479 1242 515 1285 τε
539 1212 759 1285 κατασκόπων
776 1215 832 1285 καλ
855 1216 924 1284 των
948 1216 985 1283 ἐκ
1007 1220 1066 1283 τοῦ
1086 1234 1117 1284 10

90 1312 238 1404 χάρακος
262 1309 597 1405 ἀποδιδρασκόντων,
634 1311 684 1386 ὅτι
715 1320 834 1406 κομιδῇ
861 1318 899 1385 τέ
923 1321 1009 1385 είσιν
1035 1320 1070 1385 οἱ

89 1417 262 1496 σωθέντες
282 1409 451 1505 Ῥωμαίων
487 1411 594 1505 ὀλίγοι
626 1417 683 1486 καὶ
715 1414 843 1487 τούτων
869 1422 904 1487 οί
931 1423 1067 1498 πλείους

89 1523 310 1607 τραυματίαι,
342 1514 470 1604 πολλὴν
495 1513 609 1588 αὐτῶν
633 1515 831 1605 ἐποιήσαντο
855 1514 1067 1605 καταφρόνη-

90 1640 167 1707 σιν,
203 1619 260 1686 καλ
283 1615 404 1687 αὐτίκα
426 1616 467 1687 τά
483 1615 570 1688 ὅπλα
583 1615 792 1707 ἁρπάσαντες
811 1624 912 1688 ἔθεον
931 1614 980 1687 ἐπ’
1003 1614 1066 1686 αὐ-

89 1716 180 1801 τούς.
213 1716 300 1789 πολι)
318 1720 356 1789 δὲ
374 1720 429 1789 καὶ
446 1717 483 1790 τό
508 1717 657 1791 άνοπλον
674 1715 788 1800 αὐτοῖς
808 1722 844 1789 ἐκ
861 1725 919 1807 τῆς
937 1714 1064 1800 πόλεως
1082 1738 1115 1787 15

90 1826 204 1890 εἵπετο
236 1817 319 1891 κατά
349 1823 436 1891 δίαν
465 1826 526 1891 τοῦ
549 1817 679 1910 άγοῐυος
705 1823 760 1891 καὶ
787 1817 854 1910 ἅμα
879 1815 933 1908 ἐφ’
959 1817 1065 1909 διρπα-

89 1920 159 2015 γήν
175 1949 212 1994 τε
229 1924 284 1992 καλ
302 1918 477 2012 ὠφέλειαν.
498 1926 571 1995 ἐπεὶ
589 1925 626 1994 δὲ
644 1919 889 2014 προσβαλόντες
908 1929 953 2017 τῷ
972 1919 1066 2015 λόφῳ

87 2022 151 2095 τόν
177 2052 213 2094 τε
242 2022 372 2116 χάρακα
389 2028 611 2115 περιέστησαν
633 2027 690 2097 καλ
707 2024 747 2096 τά
765 2022 1064 2118 περισταυρώματα

90 2130 242 2196 διασπᾶν
269 2130 481 2216 ἐπεχείρουν,
516 2131 642 2215 πρῶτοι
668 2128 730 2218 μὲν
759 2132 794 2197 οί
814 2133 882 2198 τῶν
896 2121 1065 2215 Ῥωμαίων

90 2232 207 2308 ίππεῑς
229 2229 320 2311 πεζοὶ
345 2225 526 2316 μαχόμενοι
553 2225 609 2297 διά
635 2227 697 2315 τὴν
722 2231 782 2297 τοῦ
808 2233 932 2317 χωρίου
959 2225 1064 2316 φύσιν
1082 2247 1116 2296 20

21 2341 80 2390 1719
91 2330 277 2419 ἐξέδραμον
301 2325 352 2398 ἐπ’
380 2326 520 2416 αὐτούς,
557 2334 671 2398 ἔπειτα
701 2325 830 2397 τούτων
859 2324 999 2396 κατόπιν
1033 2331 1068 2395 οί

90 2426 295 2518 καλούμενοι
319 2427 462 2520 τριάριοι
485 2427 724 2509 πυκνώσαντες
741 2426 818 2508 τοὺς
836 2425 969 2516 λόχους·
1005 2416 1066 2496 οδ-

89 2559 142 2601 τοι
161 2525 197 2599 δ’
223 2533 310 2602 είσλν
327 2535 362 2600 οί
378 2529 602 2621 πρεσβύτατοι
619 2536 688 2601 τῶν
705 2529 995 2620 στρατευομένων,
1014 2522 1064 2610 οἷς

89 2630 131 2703 τά
150 2628 362 2721 στρατόπεδα
388 2636 602 2719 ἐπιτρέπουσι
619 2629 814 2721 φυλάττειν,
834 2628 915 2700 ὅταν
933 2631 1065 2712 ἐξίωσιν
1182 2675 1183 2682 1

90 2745 139 2814 εἰς
158 2728 221 2820 τὴν
237 2731 366 2822 μάχην,
386 2737 441 2803 καλ
460 2731 512 2822 ἐφ’
533 2728 593 2816 οδς
610 2739 832 2821 τελευταίους,
850 2729 933 2802 ὅταν
950 2726 1060 2822 ἀθρόα
1078 2749 1110 2800 25

88 2836 227 2922 γίνηται
260 2837 329 2904 των
364 2837 401 2904 ἐν
423 2831 513 2924 ἀκμῇ
539 2835 670 2925 φθορά,
699 2841 913 2919 σπανίζοντες
948 2835 1061 2922 ἑτέρας

90 2938 284 3020 ἐπικουρίας
311 2933 560 3024 καταφεύγουσι
587 2935 643 3006 διά
672 2927 735 3025 τὴν
757 2932 916 3022 άνάγκην.
969 2937 1004 3002 οί
1028 2928 1062 3001 δ’

92 3033 305 3107 Οὐολοῦσκοι
339 3033 413 3107 κατ’
446 3034 550 3128 ἀρχάς
575 3038 638 3127 μὲν
666 3039 819 3118 ἐδέξαντο
845 3033 908 3122 τὴν
939 3038 1064 3123 ἐφοδου

90 3132 223 3226 αὐτοῖν,
256 3140 313 3207 καὶ
336 3139 431 3228 μέχρι
448 3141 574 3210 πολλοῦ
593 3141 747 3227 διέμενον
766 3133 922 3225 ἐκδάμως
940 3135 1064 3225 ἀγωνι-
1180 3195 1181 3198 ,

91 3236 236 3328 ζόμευοι·
273 3245 386 3314 ἔπειτα
411 3240 468 3310 διὰ
496 3239 559 3328 τὴν
584 3246 644 3311 τοῦ
661 3245 786 3330 χωρίου
808 3235 914 3328 φύσιν
931 3264 1062 3327 μειουε-
1080 3254 1115 3304 30

91 3344 249 3421 κτοῦυτες
265 3335 477 3431 ὑπεχώρουν,
495 3343 551 3411 καλ
568 3343 662 3423 τέλος
679 3338 777 3428 ὀλίγα
793 3340 856 3429 μὲν
871 3337 950 3419 τούς
967 3346 1062 3408 πολε-

91 3447 188 3527 μίους
205 3443 262 3512 καλ
279 3439 342 3513 οὐκ
355 3439 429 3525 άξια
448 3441 549 3532 λόγον
567 3441 801 3534 ἐργασάμενοι,
826 3445 929 3511 πλείω
951 3434 983 3509 δ’
1005 3433 1062 3508 αὖ·
