<?xml version="1.0" encoding="UTF-8"?>
<!DOCTYPE html PUBLIC "-//W3C//DTD XHTML 1.0 Transitional//EN"
    "http://www.w3.org/TR/xhtml1/DTD/xhtml1-transitional.dtd">
<html xmlns="http://www.w3.org/1999/xhtml" xml:lang="en" lang="en">
 <head>
  <title>
</title>
<meta http-equiv="Content-Type" content="text/html;charset=utf-8" />
  <meta name='ocr-system' content='tesseract 3.04.00' />
  <meta name='ocr-capabilities' content='ocr_page ocr_carea ocr_par ocr_line ocrx_word'/>
</head>
<body>
  <div class='ocr_page' id='page_1' title='image "./dionysihalicarn01kiesgoog/dionysihalicarn01kiesgoog_0348.png"; bbox 0 0 2384 3850; ppageno 0'>
   <div class='ocr_carea' id='block_1_1' title="bbox 462 105 737 194">
    <p class='ocr_par' dir='ltr' id='par_1_1' title="bbox 462 105 737 194">
     <span class='ocr_line' id='line_1_1' title="bbox 462 105 737 194; baseline 0 -20"><span class='ocrx_word' id='word_1_1' title='bbox 462 105 737 194; x_wconf 46' lang='grc' dir='ltr'><strong><em>.-σ,-</em></strong></span> 
     </span>
    </p>
   </div>
   <div class='ocr_carea' id='block_1_2' title="bbox 102 273 1190 3427">
    <p class='ocr_par' dir='ltr' id='par_1_2' title="bbox 153 273 1125 679">
     <span class='ocr_line' id='line_1_2' title="bbox 154 273 1125 370; baseline -0.001 -18"><span class='ocrx_word' id='word_1_2' title='bbox 154 291 214 352; x_wconf 89' lang='grc' dir='ltr'><strong><em>λον</em></strong></span> <span class='ocrx_word' id='word_1_3' title='bbox 231 275 272 350; x_wconf 89' lang='lat'><strong><em>06</em></strong></span> <span class='ocrx_word' id='word_1_4' title='bbox 290 296 506 370; x_wconf 75' lang='grc' dir='ltr'><strong><em>προσκοπεῖν,</em></strong></span> <span class='ocrx_word' id='word_1_5' title='bbox 531 275 582 351; x_wconf 87' lang='grc' dir='ltr'><strong><em>ότι</em></strong></span> <span class='ocrx_word' id='word_1_6' title='bbox 602 277 662 370; x_wconf 84' lang='grc' dir='ltr'><strong><em>[τό]</em></strong></span> <span class='ocrx_word' id='word_1_7' title='bbox 681 273 802 369; x_wconf 84' lang='grc' dir='ltr'><strong><em>μικρόν</em></strong></span> <span class='ocrx_word' id='word_1_8' title='bbox 821 278 908 350; x_wconf 81' lang='grc' dir='ltr'><strong><em>εἶναι</em></strong></span> <span class='ocrx_word' id='word_1_9' title='bbox 932 282 1057 350; x_wconf 78' lang='grc' dir='ltr'><strong><em>δοκοῦν</em></strong></span> <span class='ocrx_word' id='word_1_10' title='bbox 1074 287 1125 351; x_wconf 86' lang='grc' dir='ltr'><strong><em>ἐτι</em></strong></span> 
     </span>
     <span class='ocr_line' id='line_1_3' title="bbox 154 378 1124 472; baseline -0.001 -19"><span class='ocrx_word' id='word_1_11' title='bbox 154 385 223 453; x_wconf 75' lang='grc' dir='ltr'><strong><em>τοῖν</em></strong></span> <span class='ocrx_word' id='word_1_12' title='bbox 241 387 412 472; x_wconf 79' lang='grc' dir='ltr'><strong><em>δημοσίων</em></strong></span> <span class='ocrx_word' id='word_1_13' title='bbox 428 399 497 465; x_wconf 78' lang='grc' dir='ltr'><strong><em>τοῖς</em></strong></span> <span class='ocrx_word' id='word_1_14' title='bbox 520 378 635 472; x_wconf 76' lang='grc' dir='ltr'><strong><em>άργολς</em></strong></span> <span class='ocrx_word' id='word_1_15' title='bbox 658 384 713 451; x_wconf 77' lang='grc' dir='ltr'><strong><em>καὶ</em></strong></span> <span class='ocrx_word' id='word_1_16' title='bbox 731 378 870 471; x_wconf 77' lang='grc' dir='ltr'><strong><em>ἀπόροις</em></strong></span> <span class='ocrx_word' id='word_1_17' title='bbox 893 379 1124 472; x_wconf 75' lang='grc' dir='ltr'><strong><em>μεταδιδόναι,</em></strong></span> 
     </span>
     <span class='ocr_line' id='line_1_4' title="bbox 154 480 1124 575; baseline -0.002 -20"><span class='ocrx_word' id='word_1_18' title='bbox 154 488 289 556; x_wconf 82' lang='grc' dir='ltr'><strong><em>πολλῶν</em></strong></span> <span class='ocrx_word' id='word_1_19' title='bbox 313 489 405 554; x_wconf 83' lang='grc' dir='ltr'><strong><em>ἔσται</em></strong></span> <span class='ocrx_word' id='word_1_20' title='bbox 434 486 489 554; x_wconf 84' lang='grc' dir='ltr'><strong><em>καλ</em></strong></span> <span class='ocrx_word' id='word_1_21' title='bbox 513 480 668 574; x_wconf 75' lang='grc' dir='ltr'><strong><em>μεγάλων</em></strong></span> <span class='ocrx_word' id='word_1_22' title='bbox 695 487 810 555; x_wconf 81' lang='grc' dir='ltr'><strong><em>κακῶν</em></strong></span> <span class='ocrx_word' id='word_1_23' title='bbox 840 494 956 555; x_wconf 75' lang='grc' dir='ltr'><strong><em>αι’τιον.</em></strong></span> <span class='ocrx_word' id='word_1_24' title='bbox 992 481 1030 554; x_wconf 84' lang='grc' dir='ltr'><strong><em>τό</em></strong></span> <span class='ocrx_word' id='word_1_25' title='bbox 1056 483 1124 575; x_wconf 87' lang='grc' dir='ltr'><strong><em>γάρ</em></strong></span> 
     </span>
     <span class='ocr_line' id='line_1_5' title="bbox 153 581 1125 679; baseline -0.001 -21"><span class='ocrx_word' id='word_1_26' title='bbox 153 593 232 668; x_wconf 80' lang='grc' dir='ltr'><strong><em>ἔθος</em></strong></span> <span class='ocrx_word' id='word_1_27' title='bbox 249 583 286 656; x_wconf 87' lang='grc' dir='ltr'><strong><em>τό</em></strong></span> <span class='ocrx_word' id='word_1_28' title='bbox 304 583 652 676; x_wconf 79' lang='grc' dir='ltr'><strong><em>συνεισπορευόμενον</em></strong></span> <span class='ocrx_word' id='word_1_29' title='bbox 669 583 737 676; x_wconf 79' lang='grc' dir='ltr'><strong><em>ἅμα</em></strong></span> <span class='ocrx_word' id='word_1_30' title='bbox 752 581 861 679; x_wconf 77' lang='grc' dir='ltr'><strong><em>τούτῳ</em></strong></span> <span class='ocrx_word' id='word_1_31' title='bbox 886 589 944 656; x_wconf 84' lang='grc' dir='ltr'><strong><em>καλ</em></strong></span> <span class='ocrx_word' id='word_1_32' title='bbox 962 587 1125 676; x_wconf 75' lang='grc' dir='ltr'><strong><em>διαμένον</em></strong></span> 
     </span>
    </p>

    <p class='ocr_par' dir='ltr' id='par_1_3' title="bbox 120 683 1187 1187">
     <span class='ocr_line' id='line_1_6' title="bbox 120 683 1125 778; baseline -0.004 -17"><span class='ocrx_word' id='word_1_33' title='bbox 120 714 135 763; x_wconf 86' lang='lat'>5</span> <span class='ocrx_word' id='word_1_34' title='bbox 155 692 192 760; x_wconf 85' lang='grc' dir='ltr'><strong><em>ἐν</em></strong></span> <span class='ocrx_word' id='word_1_35' title='bbox 214 691 256 778; x_wconf 81' lang='grc' dir='ltr'><strong><em>πή</em></strong></span> <span class='ocrx_word' id='word_1_36' title='bbox 279 685 374 758; x_wconf 90' lang='grc' dir='ltr'><strong><em>πόλει</em></strong></span> <span class='ocrx_word' id='word_1_37' title='bbox 397 690 572 778; x_wconf 80' lang='grc' dir='ltr'><strong><em>καὶμέχρι</em></strong></span> <span class='ocrx_word' id='word_1_38' title='bbox 600 685 726 770; x_wconf 81' lang='grc' dir='ltr'><strong><em>παντὸς</em></strong></span> <span class='ocrx_word' id='word_1_39' title='bbox 753 683 912 778; x_wconf 85' lang='grc' dir='ltr'><strong><em>όλέθριον</em></strong></span> <span class='ocrx_word' id='word_1_40' title='bbox 943 693 1035 759; x_wconf 88' lang='grc' dir='ltr'><strong><em>ἐσται</em></strong></span> <span class='ocrx_word' id='word_1_41' title='bbox 1065 689 1125 758; x_wconf 87' lang='grc' dir='ltr'><strong><em>καλ</em></strong></span> 
     </span>
     <span class='ocr_line' id='line_1_7' title="bbox 155 786 1125 882; baseline -0.001 -21"><span class='ocrx_word' id='word_1_42' title='bbox 155 788 282 862; x_wconf 87' lang='grc' dir='ltr'><strong><em>δεινόν·</em></strong></span> <span class='ocrx_word' id='word_1_43' title='bbox 301 786 341 860; x_wconf 88' lang='lat'><strong><em>06</em></strong></span> <span class='ocrx_word' id='word_1_44' title='bbox 354 789 417 879; x_wconf 89' lang='grc' dir='ltr'><strong><em>γάρ</em></strong></span> <span class='ocrx_word' id='word_1_45' title='bbox 431 793 555 882; x_wconf 76' lang='grc' dir='ltr'><strong><em>ἐξαιρεῖ</em></strong></span> <span class='ocrx_word' id='word_1_46' title='bbox 571 786 630 872; x_wconf 86' lang='grc' dir='ltr'><strong><em>τάς</em></strong></span> <span class='ocrx_word' id='word_1_47' title='bbox 647 787 795 881; x_wconf 82' lang='grc' dir='ltr'><strong><em>πονηράς</em></strong></span> <span class='ocrx_word' id='word_1_48' title='bbox 813 792 994 879; x_wconf 76' lang='grc' dir='ltr'><strong><em>ἐπιθυμίας</em></strong></span> <span class='ocrx_word' id='word_1_49' title='bbox 1013 793 1050 860; x_wconf 88' lang='grc' dir='ltr'><strong><em>ἐκ</em></strong></span> <span class='ocrx_word' id='word_1_50' title='bbox 1063 793 1125 878; x_wconf 85' lang='grc' dir='ltr'><strong><em>τής</em></strong></span> 
     </span>
     <span class='ocr_line' id='line_1_8' title="bbox 153 887 1124 983; baseline -0.001 -20"><span class='ocrx_word' id='word_1_51' title='bbox 153 894 263 983; x_wconf 73' lang='grc' dir='ltr'><strong><em>ψυχῆς</em></strong></span> <span class='ocrx_word' id='word_1_52' title='bbox 284 889 321 963; x_wconf 85' lang='grc' dir='ltr'><strong><em>τό</em></strong></span> <span class='ocrx_word' id='word_1_53' title='bbox 341 891 519 982; x_wconf 78' lang='grc' dir='ltr'><strong><em>τυγχάνειν</em></strong></span> <span class='ocrx_word' id='word_1_54' title='bbox 544 888 670 979; x_wconf 70' lang='grc' dir='ltr'><strong><em>αὐτόν,</em></strong></span> <span class='ocrx_word' id='word_1_55' title='bbox 693 889 768 962; x_wconf 79' lang='grc' dir='ltr'><strong><em>ἀλλ’</em></strong></span> <span class='ocrx_word' id='word_1_56' title='bbox 788 887 881 975; x_wconf 80' lang='grc' dir='ltr'><strong><em>αὔξει</em></strong></span> <span class='ocrx_word' id='word_1_57' title='bbox 904 893 961 960; x_wconf 86' lang='grc' dir='ltr'><strong><em>καλ</em></strong></span> <span class='ocrx_word' id='word_1_58' title='bbox 979 919 1124 983; x_wconf 85' lang='grc' dir='ltr'><strong><em>πονηρο-</em></strong></span> 
     </span>
     <span class='ocr_line' id='line_1_9' title="bbox 153 989 1186 1086; baseline -0.002 -22"><span class='ocrx_word' id='word_1_59' title='bbox 153 996 249 1086; x_wconf 87' lang='grc' dir='ltr'><strong><em>τέρας</em></strong></span> <span class='ocrx_word' id='word_1_60' title='bbox 273 1011 372 1066; x_wconf 74' lang='grc' dir='ltr'><strong><em>ποιεί.</em></strong></span> <span class='ocrx_word' id='word_1_61' title='bbox 406 992 565 1086; x_wconf 82' lang='grc' dir='ltr'><strong><em>τεκμήρια</em></strong></span> <span class='ocrx_word' id='word_1_62' title='bbox 590 989 624 1064; x_wconf 87' lang='grc' dir='ltr'><strong><em>δ’</em></strong></span> <span class='ocrx_word' id='word_1_63' title='bbox 642 992 726 1083; x_wconf 71' lang='grc' dir='ltr'><strong><em>ὑμῖν</em></strong></span> <span class='ocrx_word' id='word_1_64' title='bbox 752 995 905 1082; x_wconf 77' lang='grc' dir='ltr'><strong><em>γενέσθω</em></strong></span> <span class='ocrx_word' id='word_1_65' title='bbox 927 991 1059 1064; x_wconf 81' lang='grc' dir='ltr'><strong><em>τούτων</em></strong></span> <span class='ocrx_word' id='word_1_66' title='bbox 1079 990 1124 1064; x_wconf 88' lang='grc' dir='ltr'><strong><em>τά</em></strong></span> <span class='ocrx_word' id='word_1_67' title='bbox 1135 1010 1186 1062; x_wconf 64' lang='grc' dir='ltr'><strong><em>18η</em></strong></span> 
     </span>
     <span class='ocr_line' id='line_1_10' title="bbox 153 1090 1187 1187; baseline 0.002 -22"><span class='ocrx_word' id='word_1_68' title='bbox 153 1091 248 1187; x_wconf 76' lang='grc' dir='ltr'><strong><em>ἔργα·</em></strong></span> <span class='ocrx_word' id='word_1_69' title='bbox 276 1101 311 1166; x_wconf 89' lang='grc' dir='ltr'><strong><em>τί</em></strong></span> <span class='ocrx_word' id='word_1_70' title='bbox 325 1093 390 1186; x_wconf 88' lang='grc' dir='ltr'><strong><em>γάρ</em></strong></span> <span class='ocrx_word' id='word_1_71' title='bbox 408 1103 461 1168; x_wconf 82' lang='grc' dir='ltr'><strong><em>δελ</em></strong></span> <span class='ocrx_word' id='word_1_72' title='bbox 477 1112 546 1178; x_wconf 81' lang='grc' dir='ltr'><strong><em>τοίς</em></strong></span> <span class='ocrx_word' id='word_1_73' title='bbox 569 1093 680 1185; x_wconf 82' lang='grc' dir='ltr'><strong><em>λόγοις</em></strong></span> <span class='ocrx_word' id='word_1_74' title='bbox 702 1090 789 1185; x_wconf 83' lang='grc' dir='ltr'><strong><em>όμάς</em></strong></span> <span class='ocrx_word' id='word_1_75' title='bbox 806 1111 875 1178; x_wconf 75' lang='grc' dir='ltr'><strong><em>τοῖς</em></strong></span> <span class='ocrx_word' id='word_1_76' title='bbox 899 1097 990 1186; x_wconf 80' lang='grc' dir='ltr'><strong><em>ἐμολς</em></strong></span> <span class='ocrx_word' id='word_1_77' title='bbox 1014 1091 1124 1184; x_wconf 76' lang='grc' dir='ltr'><strong><em>ήτολς</em></strong></span> <span class='ocrx_word' id='word_1_78' title='bbox 1185 1120 1187 1159; x_wconf 79' lang='grc' dir='ltr'><strong><em>ι</em></strong></span> 
     </span>
    </p>

    <p class='ocr_par' dir='ltr' id='par_1_4' title="bbox 104 1200 523 1288">
     <span class='ocr_line' id='line_1_11' title="bbox 104 1200 523 1288; baseline -0.005 -18"><span class='ocrx_word' id='word_1_79' title='bbox 104 1219 136 1272; x_wconf 84' lang='lat'><strong><em>10</em></strong></span> <span class='ocrx_word' id='word_1_80' title='bbox 153 1203 313 1288; x_wconf 77' lang='grc' dir='ltr'><strong><em>Αἰμιλίου</em></strong></span> <span class='ocrx_word' id='word_1_81' title='bbox 330 1200 523 1287; x_wconf 82' lang='grc' dir='ltr'><strong><em>προσέχειν;</em></strong></span> 
     </span>
    </p>

    <p class='ocr_par' dir='ltr' id='par_1_5' title="bbox 153 1296 1125 1699">
     <span class='ocr_line' id='line_1_12' title="bbox 229 1296 1124 1390; baseline 0 -21"><span class='ocrx_word' id='word_1_82' title='bbox 229 1298 310 1369; x_wconf 85' lang='lat' dir='ltr'>LIII.</span> <span class='ocrx_word' id='word_1_83' title='bbox 342 1297 426 1372; x_wconf 90' lang='grc' dir='ltr'><strong><em>Ιστε</em></strong></span> <span class='ocrx_word' id='word_1_84' title='bbox 451 1297 561 1388; x_wconf 87' lang='grc' dir='ltr'><strong><em>δήπου</em></strong></span> <span class='ocrx_word' id='word_1_85' title='bbox 583 1297 723 1387; x_wconf 88' lang='grc' dir='ltr'><strong><em>πάντες,</em></strong></span> <span class='ocrx_word' id='word_1_86' title='bbox 747 1296 847 1380; x_wconf 82' lang='grc' dir='ltr'><strong><em>ὅσους</em></strong></span> <span class='ocrx_word' id='word_1_87' title='bbox 872 1297 1124 1390; x_wconf 78' lang='grc' dir='ltr'><strong><em>ἐχειρωσάμεθα</em></strong></span> 
     </span>
     <span class='ocr_line' id='line_1_13' title="bbox 153 1398 1124 1494; baseline 0 -23"><span class='ocrx_word' id='word_1_88' title='bbox 153 1409 349 1494; x_wconf 86' lang='grc' dir='ltr'><strong><em>πολεμίους,</em></strong></span> <span class='ocrx_word' id='word_1_89' title='bbox 375 1398 473 1471; x_wconf 76' lang='grc' dir='ltr'><strong><em>καλ“</em></strong></span> <span class='ocrx_word' id='word_1_90' title='bbox 454 1423 538 1491; x_wconf 91' lang='grc' dir='ltr'><strong><em>οσην</em></strong></span> <span class='ocrx_word' id='word_1_91' title='bbox 561 1404 626 1490; x_wconf 86' lang='grc' dir='ltr'><strong><em>γήν</em></strong></span> <span class='ocrx_word' id='word_1_92' title='bbox 649 1399 954 1492; x_wconf 84' lang='grc' dir='ltr'><strong><em>προενομεόσαμεν,</em></strong></span> <span class='ocrx_word' id='word_1_93' title='bbox 979 1400 1080 1472; x_wconf 77' lang='grc' dir='ltr'><strong><em>καλ”</em></strong></span> <span class='ocrx_word' id='word_1_94' title='bbox 1060 1425 1124 1472; x_wconf 90' lang='grc' dir='ltr'><strong><em>οσα</em></strong></span> 
     </span>
     <span class='ocr_line' id='line_1_14' title="bbox 154 1493 1125 1598; baseline -0.004 -21"><span class='ocrx_word' id='word_1_95' title='bbox 154 1503 289 1598; x_wconf 85' lang='grc' dir='ltr'><strong><em>λάφυρα</em></strong></span> <span class='ocrx_word' id='word_1_96' title='bbox 314 1507 351 1575; x_wconf 89' lang='grc' dir='ltr'><strong><em>ἐκ</em></strong></span> <span class='ocrx_word' id='word_1_97' title='bbox 372 1507 442 1576; x_wconf 77' lang='grc' dir='ltr'><strong><em>τάν</em></strong></span> <span class='ocrx_word' id='word_1_98' title='bbox 463 1501 615 1574; x_wconf 83' lang='grc' dir='ltr'><strong><em>ἁλόντων</em></strong></span> <span class='ocrx_word' id='word_1_99' title='bbox 649 1510 784 1594; x_wconf 88' lang='grc' dir='ltr'><strong><em>χωρίων</em></strong></span> <span class='ocrx_word' id='word_1_100' title='bbox 807 1493 1046 1593; x_wconf 79' lang='grc' dir='ltr'><strong><em>ἐλάβομεν,</em></strong></span> <span class='ocrx_word' id='word_1_101' title='bbox 1017 1531 1068 1574; x_wconf 90' lang='grc' dir='ltr'><strong><em>ων</em></strong></span> <span class='ocrx_word' id='word_1_102' title='bbox 1092 1510 1125 1574; x_wconf 87' lang='grc' dir='ltr'><strong><em>οί</em></strong></span> 
     </span>
     <span class='ocr_line' id='line_1_15' title="bbox 153 1601 1125 1729; baseline -0.003 -51"><span class='ocrx_word' id='word_1_103' title='bbox 153 1611 303 1699; x_wconf 77' lang='grc' dir='ltr'><strong><em>πολέμιοι</em></strong></span> <span class='ocrx_word' id='word_1_104' title='bbox 321 1605 514 1729; x_wconf 83' lang='grc' dir='ltr'><strong><em>στερόμενοι</em></strong></span> <span class='ocrx_word' id='word_1_105' title='bbox 530 1607 613 1688; x_wconf 87' lang='grc' dir='ltr'><strong><em>τέως</em></strong></span> <span class='ocrx_word' id='word_1_106' title='bbox 631 1601 865 1695; x_wconf 78' lang='grc' dir='ltr'><strong><em>εάδαίμονες”</em></strong></span> <span class='ocrx_word' id='word_1_107' title='bbox 846 1633 941 1687; x_wconf 90' lang='grc' dir='ltr'><strong><em>οντες</em></strong></span> <span class='ocrx_word' id='word_1_108' title='bbox 960 1607 998 1675; x_wconf 87' lang='grc' dir='ltr'><strong><em>ἐν</em></strong></span> <span class='ocrx_word' id='word_1_109' title='bbox 1015 1610 1125 1696; x_wconf 84' lang='grc' dir='ltr'><strong><em>πολλη</em></strong></span> 
     </span>
    </p>

    <p class='ocr_par' dir='ltr' id='par_1_6' title="bbox 104 1704 1125 2207">
     <span class='ocr_line' id='line_1_16' title="bbox 104 1704 1125 1800; baseline -0.002 -21"><span class='ocrx_word' id='word_1_110' title='bbox 104 1729 136 1780; x_wconf 78' lang='lat'><strong><em>15</em></strong></span> <span class='ocrx_word' id='word_1_111' title='bbox 154 1714 219 1780; x_wconf 83' lang='grc' dir='ltr'><strong><em>νῦν</em></strong></span> <span class='ocrx_word' id='word_1_112' title='bbox 236 1706 486 1798; x_wconf 78' lang='grc' dir='ltr'><strong><em>καθεστήκασιν</em></strong></span> <span class='ocrx_word' id='word_1_113' title='bbox 502 1705 641 1800; x_wconf 83' lang='grc' dir='ltr'><strong><em>ἀπορία</em></strong></span> <span class='ocrx_word' id='word_1_114' title='bbox 677 1704 773 1778; x_wconf 79' lang='grc' dir='ltr'><strong><em>καλ“</em></strong></span> <span class='ocrx_word' id='word_1_115' title='bbox 754 1735 806 1778; x_wconf 91' lang='grc' dir='ltr'><strong><em>οτι</em></strong></span> <span class='ocrx_word' id='word_1_116' title='bbox 828 1705 958 1778; x_wconf 80' lang='grc' dir='ltr'><strong><em>τούτων</em></strong></span> <span class='ocrx_word' id='word_1_117' title='bbox 980 1704 1125 1788; x_wconf 78' lang='grc' dir='ltr'><strong><em>οὐδενός</em></strong></span> 
     </span>
     <span class='ocr_line' id='line_1_17' title="bbox 153 1805 1125 1902; baseline 0 -24"><span class='ocrx_word' id='word_1_118' title='bbox 153 1805 377 1902; x_wconf 79' lang='grc' dir='ltr'><strong><em>ἀπηλάθησαν</em></strong></span> <span class='ocrx_word' id='word_1_119' title='bbox 395 1805 475 1880; x_wconf 78' lang='grc' dir='ltr'><strong><em>οὐδε</em></strong></span> <span class='ocrx_word' id='word_1_120' title='bbox 492 1826 588 1899; x_wconf 76' lang='grc' dir='ltr'><strong><em>μείου</em></strong></span> <span class='ocrx_word' id='word_1_121' title='bbox 608 1807 790 1898; x_wconf 79' lang='grc' dir='ltr'><strong><em>ἐκτήσαντο</em></strong></span> <span class='ocrx_word' id='word_1_122' title='bbox 808 1811 929 1891; x_wconf 81' lang='grc' dir='ltr'><strong><em>ἐνταῑς</em></strong></span> <span class='ocrx_word' id='word_1_123' title='bbox 948 1813 1125 1900; x_wconf 87' lang='grc' dir='ltr'><strong><em>διανομαῖς</em></strong></span> 
     </span>
     <span class='ocr_line' id='line_1_18' title="bbox 153 1900 1124 2003; baseline -0.002 -19.956"><span class='ocrx_word' id='word_1_124' title='bbox 153 1911 265 2003; x_wconf 88' lang='grc' dir='ltr'><strong><em>οίτήυ</em></strong></span> <span class='ocrx_word' id='word_1_125' title='bbox 282 1909 427 2003; x_wconf 89' lang='grc' dir='ltr'><strong><em>άπορίαν</em></strong></span> <span class='ocrx_word' id='word_1_126' title='bbox 443 1907 653 2002; x_wconf 80' lang='grc' dir='ltr'><strong><em>ὀδυρόμενοι.</em></strong></span> <span class='ocrx_word' id='word_1_127' title='bbox 687 1900 744 2000; x_wconf 75' lang='grc' dir='ltr'><strong><em>ἆρ’</em></strong></span> <span class='ocrx_word' id='word_1_128' title='bbox 763 1900 828 1983; x_wconf 76' lang='grc' dir='ltr'><strong><em>οὖν</em></strong></span> <span class='ocrx_word' id='word_1_129' title='bbox 846 1909 909 1981; x_wconf 85' lang='grc' dir='ltr'><strong><em>διά</em></strong></span> <span class='ocrx_word' id='word_1_130' title='bbox 919 1907 1042 1994; x_wconf 79' lang='grc' dir='ltr'><strong><em>ταύτας</em></strong></span> <span class='ocrx_word' id='word_1_131' title='bbox 1067 1908 1124 1991; x_wconf 87' lang='grc' dir='ltr'><strong><em>τάς</em></strong></span> 
     </span>
     <span class='ocr_line' id='line_1_19' title="bbox 154 2010 1125 2104; baseline 0 -20"><span class='ocrx_word' id='word_1_132' title='bbox 154 2012 341 2103; x_wconf 79' lang='grc' dir='ltr'><strong><em>ἐπικτήσεις</em></strong></span> <span class='ocrx_word' id='word_1_133' title='bbox 372 2010 690 2103; x_wconf 81' lang='grc' dir='ltr'><strong><em>ἐπανορθωσάμενοι</em></strong></span> <span class='ocrx_word' id='word_1_134' title='bbox 718 2016 902 2104; x_wconf 83' lang='grc' dir='ltr'><strong><em>φαίνονταί</em></strong></span> <span class='ocrx_word' id='word_1_135' title='bbox 921 2041 953 2083; x_wconf 92' lang='grc' dir='ltr'><strong><em>τι</em></strong></span> <span class='ocrx_word' id='word_1_136' title='bbox 975 2015 1034 2101; x_wconf 82' lang='grc' dir='ltr'><strong><em>τῆς</em></strong></span> <span class='ocrx_word' id='word_1_137' title='bbox 1059 2042 1125 2084; x_wconf 80' lang='grc' dir='ltr'><strong><em>πα-</em></strong></span> 
     </span>
     <span class='ocr_line' id='line_1_20' title="bbox 153 2112 1123 2207; baseline 0.001 -22"><span class='ocrx_word' id='word_1_138' title='bbox 153 2116 248 2197; x_wconf 84' lang='grc' dir='ltr'><strong><em>λαιάς</em></strong></span> <span class='ocrx_word' id='word_1_139' title='bbox 270 2114 371 2205; x_wconf 85' lang='grc' dir='ltr'><strong><em>τάχης</em></strong></span> <span class='ocrx_word' id='word_1_140' title='bbox 395 2116 452 2185; x_wconf 79' lang='grc' dir='ltr'><strong><em>καὶ</em></strong></span> <span class='ocrx_word' id='word_1_141' title='bbox 470 2113 738 2207; x_wconf 85' lang='grc' dir='ltr'><strong><em>προεληλυθότες</em></strong></span> <span class='ocrx_word' id='word_1_142' title='bbox 761 2121 809 2198; x_wconf 85' lang='grc' dir='ltr'><strong><em>είς</em></strong></span> <span class='ocrx_word' id='word_1_143' title='bbox 834 2112 1034 2204; x_wconf 84' lang='grc' dir='ltr'><strong><em>ἐπιφάνειαν</em></strong></span> <span class='ocrx_word' id='word_1_144' title='bbox 1054 2132 1123 2195; x_wconf 87' lang='grc' dir='ltr'><strong><em>τοις</em></strong></span> 
     </span>
    </p>

    <p class='ocr_par' dir='ltr' id='par_1_7' title="bbox 102 2206 1190 2713">
     <span class='ocr_line' id='line_1_21' title="bbox 102 2206 1123 2307; baseline 0.001 -22"><span class='ocrx_word' id='word_1_145' title='bbox 102 2238 135 2287; x_wconf 78' lang='grc' dir='ltr'><strong><em>κο</em></strong></span> <span class='ocrx_word' id='word_1_146' title='bbox 154 2224 256 2306; x_wconf 83' lang='grc' dir='ltr'><strong><em>βίοις;</em></strong></span> <span class='ocrx_word' id='word_1_147' title='bbox 285 2215 529 2307; x_wconf 73' lang='grc' dir='ltr'><strong><em>ἐβουλόμηνλ</em></strong></span> <span class='ocrx_word' id='word_1_148' title='bbox 488 2246 511 2307; x_wconf 89' lang='grc' dir='ltr'><strong><em>μ</em></strong></span> <span class='ocrx_word' id='word_1_149' title='bbox 530 2246 551 2287; x_wconf 93' lang='grc' dir='ltr'><strong><em>ν</em></strong></span> <span class='ocrx_word' id='word_1_150' title='bbox 568 2210 611 2288; x_wconf 84' lang='grc' dir='ltr'><strong><em>άν</em></strong></span> <span class='ocrx_word' id='word_1_151' title='bbox 628 2217 686 2287; x_wconf 84' lang='grc' dir='ltr'><strong><em>καλ</em></strong></span> <span class='ocrx_word' id='word_1_152' title='bbox 703 2229 797 2299; x_wconf 79' lang='grc' dir='ltr'><strong><em>θεοῖς</em></strong></span> <span class='ocrx_word' id='word_1_153' title='bbox 817 2212 1011 2307; x_wconf 78' lang='grc' dir='ltr'><strong><em>εόξάμην,“</em></strong></span> <span class='ocrx_word' id='word_1_154' title='bbox 995 2246 1054 2288; x_wconf 89' lang='grc' dir='ltr'><strong><em>ινα</em></strong></span> <span class='ocrx_word' id='word_1_155' title='bbox 1069 2206 1123 2306; x_wconf 88' lang='grc' dir='ltr'><strong><em>ήτ-</em></strong></span> 
     </span>
     <span class='ocr_line' id='line_1_22' title="bbox 153 2311 1190 2410; baseline -0.01 -18"><span class='ocrx_word' id='word_1_156' title='bbox 153 2348 212 2392; x_wconf 92' lang='grc' dir='ltr'><strong><em>τον</em></strong></span> <span class='ocrx_word' id='word_1_157' title='bbox 235 2311 382 2409; x_wconf 88' lang='grc' dir='ltr'><strong><em>ήσανοί</em></strong></span> <span class='ocrx_word' id='word_1_158' title='bbox 410 2322 583 2408; x_wconf 79' lang='grc' dir='ltr'><strong><em>ἐπίσκηνοι</em></strong></span> <span class='ocrx_word' id='word_1_159' title='bbox 612 2321 757 2409; x_wconf 78' lang='grc' dir='ltr'><strong><em>λυπηροὶ</em></strong></span> <span class='ocrx_word' id='word_1_160' title='bbox 784 2322 827 2410; x_wconf 83' lang='grc' dir='ltr'><strong><em>τή</em></strong></span> <span class='ocrx_word' id='word_1_161' title='bbox 854 2316 958 2389; x_wconf 89' lang='grc' dir='ltr'><strong><em>πόλει.</em></strong></span> <span class='ocrx_word' id='word_1_162' title='bbox 996 2321 1064 2389; x_wconf 79' lang='grc' dir='ltr'><strong><em>νῦν</em></strong></span> <span class='ocrx_word' id='word_1_163' title='bbox 1087 2319 1190 2388; x_wconf 63' lang='lat'>66188‘6</span> 
     </span>
     <span class='ocr_line' id='line_1_23' title="bbox 152 2415 1124 2513; baseline -0.002 -20"><span class='ocrx_word' id='word_1_164' title='bbox 152 2417 251 2513; x_wconf 82' lang='grc' dir='ltr'><strong><em>ὁρᾶτε</em></strong></span> <span class='ocrx_word' id='word_1_165' title='bbox 275 2419 338 2511; x_wconf 87' lang='grc' dir='ltr'><strong><em>γάρ</em></strong></span> <span class='ocrx_word' id='word_1_166' title='bbox 367 2419 464 2493; x_wconf 85' lang='grc' dir='ltr'><strong><em>καὶ’</em></strong></span> <span class='ocrx_word' id='word_1_167' title='bbox 446 2418 585 2492; x_wconf 82' lang='grc' dir='ltr'><strong><em>ακοάετε</em></strong></span> <span class='ocrx_word' id='word_1_168' title='bbox 614 2416 726 2491; x_wconf 75' lang='grc' dir='ltr'><strong><em>αὐτῶν</em></strong></span> <span class='ocrx_word' id='word_1_169' title='bbox 750 2415 1030 2510; x_wconf 77' lang='grc' dir='ltr'><strong><em>όδυρομένων,”</em></strong></span> <span class='ocrx_word' id='word_1_170' title='bbox 1010 2448 1063 2491; x_wconf 85' lang='grc' dir='ltr'><strong><em>οτι</em></strong></span> <span class='ocrx_word' id='word_1_171' title='bbox 1088 2424 1124 2491; x_wconf 93' lang='grc' dir='ltr'><strong><em>ἐν</em></strong></span> 
     </span>
     <span class='ocr_line' id='line_1_24' title="bbox 154 2517 1123 2615; baseline -0.002 -20"><span class='ocrx_word' id='word_1_172' title='bbox 154 2522 274 2615; x_wconf 86' lang='grc' dir='ltr'><strong><em>ἐσχάτη</em></strong></span> <span class='ocrx_word' id='word_1_173' title='bbox 294 2522 380 2595; x_wconf 84' lang='grc' dir='ltr'><strong><em>είσλν</em></strong></span> <span class='ocrx_word' id='word_1_174' title='bbox 397 2517 530 2615; x_wconf 80' lang='grc' dir='ltr'><strong><em>άπορίᾳ,</em></strong></span> <span class='ocrx_word' id='word_1_175' title='bbox 561 2517 646 2592; x_wconf 79' lang='grc' dir='ltr'><strong><em>ὥστε</em></strong></span> <span class='ocrx_word' id='word_1_176' title='bbox 664 2519 739 2593; x_wconf 82' lang='grc' dir='ltr'><strong><em>οὐδ’</em></strong></span> <span class='ocrx_word' id='word_1_177' title='bbox 761 2528 792 2592; x_wconf 89' lang='grc' dir='ltr'><strong><em>εί</em></strong></span> <span class='ocrx_word' id='word_1_178' title='bbox 808 2524 930 2612; x_wconf 78' lang='grc' dir='ltr'><strong><em>ταῦτα,</em></strong></span> <span class='ocrx_word' id='word_1_179' title='bbox 948 2518 972 2591; x_wconf 84' lang='lat'><strong><em>6</em></strong></span> <span class='ocrx_word' id='word_1_180' title='bbox 988 2525 1055 2593; x_wconf 80' lang='grc' dir='ltr'><strong><em>νῦν</em></strong></span> <span class='ocrx_word' id='word_1_181' title='bbox 1072 2528 1123 2593; x_wconf 88' lang='grc' dir='ltr'><strong><em>αί·</em></strong></span> 
     </span>
     <span class='ocr_line' id='line_1_25' title="bbox 153 2619 1125 2713; baseline 0 -18"><span class='ocrx_word' id='word_1_182' title='bbox 153 2629 307 2713; x_wconf 85' lang='grc' dir='ltr'><strong><em>τοῦνται,</em></strong></span> <span class='ocrx_word' id='word_1_183' title='bbox 331 2627 387 2695; x_wconf 87' lang='grc' dir='ltr'><strong><em>καλ</em></strong></span> <span class='ocrx_word' id='word_1_184' title='bbox 411 2631 459 2695; x_wconf 86' lang='grc' dir='ltr'><strong><em>ἐτι</em></strong></span> <span class='ocrx_word' id='word_1_185' title='bbox 482 2632 587 2694; x_wconf 83' lang='grc' dir='ltr'><strong><em>πλείω</em></strong></span> <span class='ocrx_word' id='word_1_186' title='bbox 611 2619 741 2695; x_wconf 84' lang='grc' dir='ltr'><strong><em>τοότων</em></strong></span> <span class='ocrx_word' id='word_1_187' title='bbox 758 2621 905 2713; x_wconf 84' lang='grc' dir='ltr'><strong><em>λάβοιεν,</em></strong></span> <span class='ocrx_word' id='word_1_188' title='bbox 925 2623 1125 2711; x_wconf 82' lang='grc' dir='ltr'><strong><em>ἐπανορθά-</em></strong></span> 
     </span>
    </p>

    <p class='ocr_par' dir='ltr' id='par_1_8' title="bbox 103 2720 1125 3223">
     <span class='ocr_line' id='line_1_26' title="bbox 103 2720 1123 2816; baseline -0.004 -16"><span class='ocrx_word' id='word_1_189' title='bbox 103 2750 136 2801; x_wconf 78' lang='lat'><strong><em>25</em></strong></span> <span class='ocrx_word' id='word_1_190' title='bbox 154 2747 270 2796; x_wconf 92' lang='grc' dir='ltr'><strong><em>σονται</em></strong></span> <span class='ocrx_word' id='word_1_191' title='bbox 286 2724 363 2807; x_wconf 77' lang='grc' dir='ltr'><strong><em>τούς</em></strong></span> <span class='ocrx_word' id='word_1_192' title='bbox 381 2732 485 2811; x_wconf 82' lang='grc' dir='ltr'><strong><em>βίους.</em></strong></span> <span class='ocrx_word' id='word_1_193' title='bbox 504 2720 545 2795; x_wconf 88' lang='lat'><strong><em>06</em></strong></span> <span class='ocrx_word' id='word_1_194' title='bbox 558 2721 623 2816; x_wconf 87' lang='grc' dir='ltr'><strong><em>γάρ</em></strong></span> <span class='ocrx_word' id='word_1_195' title='bbox 642 2729 679 2797; x_wconf 92' lang='grc' dir='ltr'><strong><em>ἐν</em></strong></span> <span class='ocrx_word' id='word_1_196' title='bbox 690 2740 762 2806; x_wconf 75' lang='grc' dir='ltr'><strong><em>ταῖς</em></strong></span> <span class='ocrx_word' id='word_1_197' title='bbox 775 2724 891 2815; x_wconf 80' lang='grc' dir='ltr'><strong><em>τύχαις</em></strong></span> <span class='ocrx_word' id='word_1_198' title='bbox 908 2720 1023 2796; x_wconf 76' lang='grc' dir='ltr'><strong><em>αὐτῶν</em></strong></span> <span class='ocrx_word' id='word_1_199' title='bbox 1039 2730 1123 2796; x_wconf 90' lang='grc' dir='ltr'><strong><em>ἐνοι·</em></strong></span> 
     </span>
     <span class='ocr_line' id='line_1_27' title="bbox 154 2822 1123 2917; baseline -0.003 -18"><span class='ocrx_word' id='word_1_200' title='bbox 154 2843 209 2899; x_wconf 82' lang='grc' dir='ltr'><strong><em>κελ</em></strong></span> <span class='ocrx_word' id='word_1_201' title='bbox 229 2823 265 2897; x_wconf 86' lang='grc' dir='ltr'><strong><em>τό</em></strong></span> <span class='ocrx_word' id='word_1_202' title='bbox 283 2824 421 2917; x_wconf 85' lang='grc' dir='ltr'><strong><em>άπορον,</em></strong></span> <span class='ocrx_word' id='word_1_203' title='bbox 445 2822 517 2896; x_wconf 83' lang='grc' dir='ltr'><strong><em>ἄλλ’</em></strong></span> <span class='ocrx_word' id='word_1_204' title='bbox 540 2829 663 2909; x_wconf 79' lang='grc' dir='ltr'><strong><em>ἐντοῖς</em></strong></span> <span class='ocrx_word' id='word_1_205' title='bbox 685 2823 834 2917; x_wconf 91' lang='grc' dir='ltr'><strong><em>τρόποις·</em></strong></span> <span class='ocrx_word' id='word_1_206' title='bbox 860 2822 920 2910; x_wconf 70' lang='grc' dir='ltr'><strong><em>οὓς</em></strong></span> <span class='ocrx_word' id='word_1_207' title='bbox 937 2823 998 2917; x_wconf 74' lang='grc' dir='ltr'><strong><em>οὐχ</em></strong></span> <span class='ocrx_word' id='word_1_208' title='bbox 1015 2822 1089 2897; x_wconf 79' lang='grc' dir='ltr'><strong><em>οἷον</em></strong></span> <span class='ocrx_word' id='word_1_209' title='bbox 1105 2822 1123 2896; x_wconf 88' lang='lat'><strong><em>6</em></strong></span> 
     </span>
     <span class='ocr_line' id='line_1_28' title="bbox 154 2919 1123 3023; baseline 0 -23"><span class='ocrx_word' id='word_1_210' title='bbox 154 2926 280 3023; x_wconf 81' lang='grc' dir='ltr'><strong><em>βραχάς</em></strong></span> <span class='ocrx_word' id='word_1_211' title='bbox 297 2919 394 3011; x_wconf 78' lang='grc' dir='ltr'><strong><em>οὗτος</em></strong></span> <span class='ocrx_word' id='word_1_212' title='bbox 413 2925 621 3020; x_wconf 73' lang='grc' dir='ltr'><strong><em>ἐκπληρώσει</em></strong></span> <span class='ocrx_word' id='word_1_213' title='bbox 637 2930 774 3019; x_wconf 87' lang='grc' dir='ltr'><strong><em>κλήρος,</em></strong></span> <span class='ocrx_word' id='word_1_214' title='bbox 792 2923 867 2999; x_wconf 80' lang='grc' dir='ltr'><strong><em>ἄλλ’</em></strong></span> <span class='ocrx_word' id='word_1_215' title='bbox 886 2924 963 2999; x_wconf 73' lang='grc' dir='ltr'><strong><em>οὐδ’</em></strong></span> <span class='ocrx_word' id='word_1_216' title='bbox 983 2934 1022 2998; x_wconf 87' lang='grc' dir='ltr'><strong><em>αί</em></strong></span> <span class='ocrx_word' id='word_1_217' title='bbox 1040 2926 1123 3018; x_wconf 82' lang='grc' dir='ltr'><strong><em>σάμ-</em></strong></span> 
     </span>
     <span class='ocr_line' id='line_1_29' title="bbox 155 3027 1125 3123; baseline 0 -22"><span class='ocrx_word' id='word_1_218' title='bbox 155 3053 257 3101; x_wconf 90' lang='grc' dir='ltr'><strong><em>πασαι</em></strong></span> <span class='ocrx_word' id='word_1_219' title='bbox 275 3032 442 3121; x_wconf 78' lang='grc' dir='ltr'><strong><em>βασιλέων</em></strong></span> <span class='ocrx_word' id='word_1_220' title='bbox 459 3057 495 3100; x_wconf 88' lang='grc' dir='ltr'><strong><em>τε</em></strong></span> <span class='ocrx_word' id='word_1_221' title='bbox 517 3031 575 3100; x_wconf 84' lang='grc' dir='ltr'><strong><em>καὶ</em></strong></span> <span class='ocrx_word' id='word_1_222' title='bbox 590 3027 771 3119; x_wconf 90' lang='grc' dir='ltr'><strong><em>τυράννων</em></strong></span> <span class='ocrx_word' id='word_1_223' title='bbox 788 3035 921 3122; x_wconf 85' lang='grc' dir='ltr'><strong><em>δωρεαί.</em></strong></span> <span class='ocrx_word' id='word_1_224' title='bbox 955 3027 1125 3123; x_wconf 75' lang='grc' dir='ltr'><strong><em>δράσομέν</em></strong></span> 
     </span>
     <span class='ocr_line' id='line_1_30' title="bbox 153 3128 1125 3223; baseline 0 -20"><span class='ocrx_word' id='word_1_225' title='bbox 153 3160 201 3223; x_wconf 89' lang='grc' dir='ltr'><strong><em>τε,</em></strong></span> <span class='ocrx_word' id='word_1_226' title='bbox 226 3138 259 3203; x_wconf 91' lang='grc' dir='ltr'><strong><em>εί</em></strong></span> <span class='ocrx_word' id='word_1_227' title='bbox 280 3135 336 3202; x_wconf 83' lang='grc' dir='ltr'><strong><em>καὶ</em></strong></span> <span class='ocrx_word' id='word_1_228' title='bbox 360 3135 465 3203; x_wconf 79' lang='grc' dir='ltr'><strong><em>ταῦτα</em></strong></span> <span class='ocrx_word' id='word_1_229' title='bbox 488 3129 749 3223; x_wconf 87' lang='grc' dir='ltr'><strong><em>συγχωρήσομεν</em></strong></span> <span class='ocrx_word' id='word_1_230' title='bbox 772 3130 887 3213; x_wconf 74' lang='grc' dir='ltr'><strong><em>αὐτοῖς</em></strong></span> <span class='ocrx_word' id='word_1_231' title='bbox 894 3185 904 3221; x_wconf 91' lang='grc'><strong><em>,</em></strong></span> <span class='ocrx_word' id='word_1_232' title='bbox 932 3128 1032 3221; x_wconf 81' lang='grc' dir='ltr'><strong><em>ὅμοια</em></strong></span> <span class='ocrx_word' id='word_1_233' title='bbox 1054 3147 1125 3213; x_wconf 73' lang='grc' dir='ltr'><strong><em>τοῖς</em></strong></span> 
     </span>
    </p>

    <p class='ocr_par' dir='ltr' id='par_1_9' title="bbox 103 3230 1124 3427">
     <span class='ocr_line' id='line_1_31' title="bbox 103 3230 1122 3325; baseline -0.006 -16"><span class='ocrx_word' id='word_1_234' title='bbox 103 3258 137 3309; x_wconf 79' lang='lat'><strong><em>80</em></strong></span> <span class='ocrx_word' id='word_1_235' title='bbox 155 3232 237 3322; x_wconf 84' lang='grc' dir='ltr'><strong><em>πρὸς</em></strong></span> <span class='ocrx_word' id='word_1_236' title='bbox 261 3231 390 3323; x_wconf 86' lang='grc' dir='ltr'><strong><em>ἡδονήν</em></strong></span> <span class='ocrx_word' id='word_1_237' title='bbox 412 3232 643 3322; x_wconf 81' lang='grc' dir='ltr'><strong><em>θεραπεύουσι</em></strong></span> <span class='ocrx_word' id='word_1_238' title='bbox 665 3232 743 3316; x_wconf 77' lang='grc' dir='ltr'><strong><em>τοὺς</em></strong></span> <span class='ocrx_word' id='word_1_239' title='bbox 769 3230 956 3325; x_wconf 87' lang='grc' dir='ltr'><strong><em>κάμνοντας</em></strong></span> <span class='ocrx_word' id='word_1_240' title='bbox 987 3239 1122 3321; x_wconf 79' lang='grc' dir='ltr'><strong><em>ίατροις.</em></strong></span> 
     </span>
     <span class='ocr_line' id='line_1_32' title="bbox 154 3332 1124 3427; baseline 0 -22"><span class='ocrx_word' id='word_1_241' title='bbox 154 3332 195 3405; x_wconf 88' lang='lat'><strong><em>06</em></strong></span> <span class='ocrx_word' id='word_1_242' title='bbox 212 3332 276 3427; x_wconf 88' lang='grc' dir='ltr'><strong><em>γάρ</em></strong></span> <span class='ocrx_word' id='word_1_243' title='bbox 292 3332 330 3404; x_wconf 84' lang='grc' dir='ltr'><strong><em>τό</em></strong></span> <span class='ocrx_word' id='word_1_244' title='bbox 348 3337 473 3405; x_wconf 79' lang='grc' dir='ltr'><strong><em>νοσοῦν</em></strong></span> <span class='ocrx_word' id='word_1_245' title='bbox 489 3332 732 3423; x_wconf 81' lang='grc' dir='ltr'><strong><em>ὑγιασθήσεται</em></strong></span> <span class='ocrx_word' id='word_1_246' title='bbox 749 3340 809 3424; x_wconf 85' lang='grc' dir='ltr'><strong><em>τής</em></strong></span> <span class='ocrx_word' id='word_1_247' title='bbox 826 3342 994 3417; x_wconf 83' lang='grc' dir='ltr'><strong><em>πολιτείας</em></strong></span> <span class='ocrx_word' id='word_1_248' title='bbox 1010 3336 1124 3425; x_wconf 81' lang='grc' dir='ltr'><strong><em>μέρος,</em></strong></span> 
     </span>
    </p>
   </div>
   <div class='ocr_carea' id='block_1_3' title="bbox 154 3431 1126 3527">
    <p class='ocr_par' dir='ltr' id='par_1_10' title="bbox 154 3431 1126 3527">
     <span class='ocr_line' id='line_1_33' title="bbox 154 3431 1126 3527; baseline 0.003 -23"><span class='ocrx_word' id='word_1_249' title='bbox 154 3431 238 3504; x_wconf 88' lang='grc' dir='ltr'><strong><em>άλλά</em></strong></span> <span class='ocrx_word' id='word_1_250' title='bbox 256 3436 314 3504; x_wconf 87' lang='grc' dir='ltr'><strong><em>καλ</em></strong></span> <span class='ocrx_word' id='word_1_251' title='bbox 331 3434 367 3504; x_wconf 89' lang='grc' dir='ltr'><strong><em>τὸ</em></strong></span> <span class='ocrx_word' id='word_1_252' title='bbox 384 3432 540 3523; x_wconf 75' lang='grc' dir='ltr'><strong><em>ὑγιαῖνον</em></strong></span> <span class='ocrx_word' id='word_1_253' title='bbox 557 3432 741 3507; x_wconf 84' lang='grc' dir='ltr'><strong><em>άπολαάσει</em></strong></span> <span class='ocrx_word' id='word_1_254' title='bbox 756 3440 816 3527; x_wconf 88' lang='grc' dir='ltr'><strong><em>τής</em></strong></span> <span class='ocrx_word' id='word_1_255' title='bbox 833 3435 945 3509; x_wconf 87' lang='grc' dir='ltr'><strong><em>νόσον.</em></strong></span> <span class='ocrx_word' id='word_1_256' title='bbox 971 3432 1126 3507; x_wconf 88' lang='grc' dir='ltr'><strong><em>καθόλου</em></strong></span> 
     </span>
    </p>
   </div>
   <div class='ocr_carea' id='block_1_4' title="bbox 0 0 1196 3850">
    <p class='ocr_par' dir='ltr' id='par_1_11' title="bbox 0 0 1196 3850">
     <span class='ocr_line' id='line_1_34' title="bbox 0 0 1196 3850; baseline 0 0"><span class='ocrx_word' id='word_1_257' title='bbox 0 0 1196 3850; x_wconf 95' lang='lat' dir='ltr'><strong><em> </em></strong></span> 
     </span>
    </p>
   </div>
  </div>
 </body>
</html>
