<?xml version="1.0" encoding="UTF-8"?>
<!DOCTYPE html PUBLIC "-//W3C//DTD XHTML 1.0 Transitional//EN"
    "http://www.w3.org/TR/xhtml1/DTD/xhtml1-transitional.dtd">
<html xmlns="http://www.w3.org/1999/xhtml" xml:lang="en" lang="en">
 <head>
  <title>
</title>
<meta http-equiv="Content-Type" content="text/html;charset=utf-8" />
  <meta name='ocr-system' content='tesseract 3.04.00' />
  <meta name='ocr-capabilities' content='ocr_page ocr_carea ocr_par ocr_line ocrx_word'/>
</head>
<body>
  <div class='ocr_page' id='page_1' title='image "./dionysihalicarn01kiesgoog/dionysihalicarn01kiesgoog_0367.png"; bbox 0 0 2384 3850; ppageno 0'>
   <div class='ocr_carea' id='block_1_1' title="bbox 284 129 615 220">
    <p class='ocr_par' dir='ltr' id='par_1_1' title="bbox 284 129 615 220">
     <span class='ocr_line' id='line_1_1' title="bbox 284 129 615 220; baseline 0.003 -68"><span class='ocrx_word' id='word_1_1' title='bbox 284 129 615 220; x_wconf 23' lang='grc' dir='ltr'><strong><em>,ἤχῳ</em></strong></span> 
     </span>
    </p>
   </div>
   <div class='ocr_carea' id='block_1_2' title="bbox 1 293 1109 3621">
    <p class='ocr_par' dir='ltr' id='par_1_2' title="bbox 1 293 1109 3621">
     <span class='ocr_line' id='line_1_2' title="bbox 107 293 1007 388; baseline 0.003 -20"><span class='ocrx_word' id='word_1_2' title='bbox 107 297 237 369; x_wconf 79' lang='lat' dir='ltr'>LXIHI:</span> <span class='ocrx_word' id='word_1_3' title='bbox 259 307 261 313; x_wconf 77' lang='grc'><strong>’</strong></span> <span class='ocrx_word' id='word_1_4' title='bbox 280 293 552 388; x_wconf 79' lang='grc' dir='ltr'><strong><em>Διαφθαρέντων</em></strong></span> <span class='ocrx_word' id='word_1_5' title='bbox 577 300 616 370; x_wconf 76' lang='grc' dir='ltr'><strong><em>δὲ</em></strong></span> <span class='ocrx_word' id='word_1_6' title='bbox 632 296 778 384; x_wconf 87' lang='grc' dir='ltr'><strong><em>τούτων,</em></strong></span> <span class='ocrx_word' id='word_1_7' title='bbox 803 302 1007 387; x_wconf 78' lang='grc' dir='ltr'><strong><em>ἐπαρθέντες</em></strong></span> 
     </span>
     <span class='ocr_line' id='line_1_3' title="bbox 22 399 1109 494; baseline 0.002 -22"><span class='ocrx_word' id='word_1_8' title='bbox 22 408 61 472; x_wconf 84' lang='grc' dir='ltr'><strong><em>οί</em></strong></span> <span class='ocrx_word' id='word_1_9' title='bbox 82 403 226 472; x_wconf 81' lang='grc' dir='ltr'><strong><em>Αἰκανοὶ</em></strong></span> <span class='ocrx_word' id='word_1_10' title='bbox 243 403 297 494; x_wconf 62' lang='grc' dir='ltr'><strong><em>τῷ</em></strong></span> <span class='ocrx_word' id='word_1_11' title='bbox 308 399 530 489; x_wconf 82' lang='grc' dir='ltr'><strong><em>προτερήματι</em></strong></span> <span class='ocrx_word' id='word_1_12' title='bbox 552 406 707 488; x_wconf 78' lang='grc' dir='ltr'><strong><em>παρῆσαν</em></strong></span> <span class='ocrx_word' id='word_1_13' title='bbox 726 403 779 469; x_wconf 81' lang='grc' dir='ltr'><strong><em>ἐπὶ</em></strong></span> <span class='ocrx_word' id='word_1_14' title='bbox 803 401 862 471; x_wconf 83' lang='grc' dir='ltr'><strong><em>τόν</em></strong></span> <span class='ocrx_word' id='word_1_15' title='bbox 879 402 1007 491; x_wconf 87' lang='grc' dir='ltr'><strong><em>χάρακα</em></strong></span> <span class='ocrx_word' id='word_1_16' title='bbox 1106 458 1109 465; x_wconf 74' lang='lat'><em>.</em></span> 
     </span>
     <span class='ocr_line' id='line_1_4' title="bbox 21 501 1005 591; baseline 0.003 -19"><span class='ocrx_word' id='word_1_17' title='bbox 21 508 99 572; x_wconf 77' lang='grc' dir='ltr'><strong><em>τῶν</em></strong></span> <span class='ocrx_word' id='word_1_18' title='bbox 112 501 300 591; x_wconf 83' lang='grc' dir='ltr'><strong><em>Ῥωμαίων,</em></strong></span> <span class='ocrx_word' id='word_1_19' title='bbox 325 501 389 590; x_wconf 80' lang='grc' dir='ltr'><strong><em>τήν</em></strong></span> <span class='ocrx_word' id='word_1_20' title='bbox 405 529 441 572; x_wconf 84' lang='grc' dir='ltr'><strong><em>τε</em></strong></span> <span class='ocrx_word' id='word_1_21' title='bbox 458 506 519 572; x_wconf 84' lang='grc' dir='ltr'><strong><em>που</em></strong></span> <span class='ocrx_word' id='word_1_22' title='bbox 538 511 691 574; x_wconf 78' lang='grc' dir='ltr'><em>Ποπλίου</em></span> <span class='ocrx_word' id='word_1_23' title='bbox 708 503 860 589; x_wconf 80' lang='grc' dir='ltr'><strong><em>κεφαλὴν</em></strong></span> <span class='ocrx_word' id='word_1_24' title='bbox 879 507 932 572; x_wconf 82' lang='grc' dir='ltr'><strong><em>ἐπὶ</em></strong></span> <span class='ocrx_word' id='word_1_25' title='bbox 951 511 1005 575; x_wconf 93' lang='grc' dir='ltr'><strong><em>δο-</em></strong></span> 
     </span>
     <span class='ocr_line' id='line_1_5' title="bbox 22 601 1006 694; baseline 0.001 -21"><span class='ocrx_word' id='word_1_26' title='bbox 22 611 149 694; x_wconf 91' lang='grc' dir='ltr'><strong><em>ρατίου</em></strong></span> <span class='ocrx_word' id='word_1_27' title='bbox 174 621 365 691; x_wconf 75' lang='grc' dir='ltr'><em>πεπηγυῖαν</em></span> <span class='ocrx_word' id='word_1_28' title='bbox 388 602 619 684; x_wconf 75' lang='grc' dir='ltr'><strong><em>ἀνατείνοντες</em></strong></span> <span class='ocrx_word' id='word_1_29' title='bbox 637 608 698 674; x_wconf 81' lang='grc' dir='ltr'><strong><em>καὶ</em></strong></span> <span class='ocrx_word' id='word_1_30' title='bbox 721 608 789 673; x_wconf 79' lang='grc' dir='ltr'><strong><em>των</em></strong></span> <span class='ocrx_word' id='word_1_31' title='bbox 813 601 926 674; x_wconf 84' lang='grc' dir='ltr'><strong><em>ἀλλων</em></strong></span> <span class='ocrx_word' id='word_1_32' title='bbox 943 602 1006 675; x_wconf 89' lang='grc' dir='ltr'><strong><em>ἀν-</em></strong></span> 
     </span>
     <span class='ocr_line' id='line_1_6' title="bbox 24 701 1039 798; baseline 0.004 -24"><span class='ocrx_word' id='word_1_33' title='bbox 24 708 125 792; x_wconf 72' lang='grc' dir='ltr'><strong><em>δρῶν</em></strong></span> <span class='ocrx_word' id='word_1_34' title='bbox 149 713 217 775; x_wconf 76' lang='grc' dir='ltr'><strong><em>τῶν</em></strong></span> <span class='ocrx_word' id='word_1_35' title='bbox 243 709 436 792; x_wconf 73' lang='grc' dir='ltr'><strong><em>ἐπιφανῶν,</em></strong></span> <span class='ocrx_word' id='word_1_36' title='bbox 468 701 512 786; x_wconf 78' lang='grc' dir='ltr'><strong><em>ἀς</em></strong></span> <span class='ocrx_word' id='word_1_37' title='bbox 535 705 577 793; x_wconf 81' lang='grc' dir='ltr'><strong><em>δὴ</em></strong></span> <span class='ocrx_word' id='word_1_38' title='bbox 595 704 703 798; x_wconf 74' lang='grc' dir='ltr'><strong><em>τούτῳ</em></strong></span> <span class='ocrx_word' id='word_1_39' title='bbox 721 705 1039 795; x_wconf 73' lang='grc' dir='ltr'><strong><em>καταπληξόμενοιὸ</em></strong></span> 
     </span>
     <span class='ocr_line' id='line_1_7' title="bbox 21 803 1007 896; baseline 0.003 -20"><span class='ocrx_word' id='word_1_40' title='bbox 21 803 108 888; x_wconf 84' lang='grc' dir='ltr'><strong><em>τούς</em></strong></span> <span class='ocrx_word' id='word_1_41' title='bbox 133 812 233 877; x_wconf 80' lang='grc' dir='ltr'><strong><em>ἔνδον</em></strong></span> <span class='ocrx_word' id='word_1_42' title='bbox 255 809 310 876; x_wconf 77' lang='grc' dir='ltr'><strong><em>καὶ</em></strong></span> <span class='ocrx_word' id='word_1_43' title='bbox 337 803 583 896; x_wconf 75' lang='grc' dir='ltr'><strong><em>ἀναγκάσοντες</em></strong></span> <span class='ocrx_word' id='word_1_44' title='bbox 607 812 818 892; x_wconf 80' lang='grc' dir='ltr'><strong><em>παραδοάναι</em></strong></span> <span class='ocrx_word' id='word_1_45' title='bbox 840 817 936 895; x_wconf 87' lang='grc' dir='ltr'><strong><em>σφίσι</em></strong></span> <span class='ocrx_word' id='word_1_46' title='bbox 965 809 1007 879; x_wconf 88' lang='grc' dir='ltr'><strong><em>τά</em></strong></span> 
     </span>
     <span class='ocr_line' id='line_1_8' title="bbox 26 903 1005 998; baseline 0.002 -20"><span class='ocrx_word' id='word_1_47' title='bbox 26 906 126 978; x_wconf 65' lang='lat' dir='ltr'><strong><em>‘&#39;ul-a.</em></strong></span> <span class='ocrx_word' id='word_1_48' title='bbox 155 925 224 990; x_wconf 83' lang='grc' dir='ltr'><strong><em>τοῖς</em></strong></span> <span class='ocrx_word' id='word_1_49' title='bbox 249 909 288 980; x_wconf 75' lang='grc' dir='ltr'><strong><em>δέ</em></strong></span> <span class='ocrx_word' id='word_1_50' title='bbox 304 905 370 995; x_wconf 82' lang='grc' dir='ltr'><strong><em>ἀρα</em></strong></span> <span class='ocrx_word' id='word_1_51' title='bbox 388 909 469 998; x_wconf 85' lang='grc' dir='ltr'><strong><em>πρὸς</em></strong></span> <span class='ocrx_word' id='word_1_52' title='bbox 486 910 549 997; x_wconf 72' lang='grc' dir='ltr'><strong><em>μὲν</em></strong></span> <span class='ocrx_word' id='word_1_53' title='bbox 566 906 628 998; x_wconf 80' lang='grc' dir='ltr'><strong><em>τὴν</em></strong></span> <span class='ocrx_word' id='word_1_54' title='bbox 645 908 824 997; x_wconf 89' lang='grc' dir='ltr'><strong><em>συμφοράν</em></strong></span> <span class='ocrx_word' id='word_1_55' title='bbox 840 915 907 980; x_wconf 77' lang='grc' dir='ltr'><strong><em>τῶν</em></strong></span> <span class='ocrx_word' id='word_1_56' title='bbox 925 903 1005 980; x_wconf 88' lang='grc' dir='ltr'><strong><em>ἀπο-</em></strong></span> 
     </span>
     <span class='ocr_line' id='line_1_9' title="bbox 23 1006 1006 1110; baseline 0.004 -32"><span class='ocrx_word' id='word_1_57' title='bbox 23 1007 186 1110; x_wconf 81' lang='grc' dir='ltr'><strong><em>λωλότων</em></strong></span> <span class='ocrx_word' id='word_1_58' title='bbox 205 1009 296 1090; x_wconf 76' lang='grc' dir='ltr'><strong><em>ἔλεός</em></strong></span> <span class='ocrx_word' id='word_1_59' title='bbox 312 1039 361 1092; x_wconf 89' lang='grc' dir='ltr'><strong><em>τις</em></strong></span> <span class='ocrx_word' id='word_1_60' title='bbox 376 1013 522 1098; x_wconf 82' lang='grc' dir='ltr'><strong><em>παρίστη</em></strong></span> <span class='ocrx_word' id='word_1_61' title='bbox 537 1015 592 1080; x_wconf 80' lang='grc' dir='ltr'><strong><em>καὶ</em></strong></span> <span class='ocrx_word' id='word_1_62' title='bbox 606 1006 808 1082; x_wconf 88' lang='grc' dir='ltr'><strong><em>ἀνεκλάοντο</em></strong></span> <span class='ocrx_word' id='word_1_63' title='bbox 817 1010 931 1082; x_wconf 78' lang='grc' dir='ltr'><strong><em>αὐτων</em></strong></span> <span class='ocrx_word' id='word_1_64' title='bbox 943 1011 1006 1100; x_wconf 80' lang='grc' dir='ltr'><strong><em>τὴν</em></strong></span> 
     </span>
     <span class='ocr_line' id='line_1_10' title="bbox 22 1108 1004 1204; baseline 0.004 -24"><span class='ocrx_word' id='word_1_65' title='bbox 22 1110 149 1199; x_wconf 82' lang='grc' dir='ltr'><strong><em>τύχην·</em></strong></span> <span class='ocrx_word' id='word_1_66' title='bbox 177 1110 260 1198; x_wconf 90' lang='grc' dir='ltr'><strong><em>πρός</em></strong></span> <span class='ocrx_word' id='word_1_67' title='bbox 284 1112 322 1182; x_wconf 67' lang='grc' dir='ltr'><strong><em>δὲ</em></strong></span> <span class='ocrx_word' id='word_1_68' title='bbox 345 1110 405 1183; x_wconf 89' lang='grc' dir='ltr'><strong><em>τόν</em></strong></span> <span class='ocrx_word' id='word_1_69' title='bbox 421 1108 535 1200; x_wconf 80' lang='grc' dir='ltr'><strong><em>ἀγῶνα</em></strong></span> <span class='ocrx_word' id='word_1_70' title='bbox 553 1110 680 1201; x_wconf 83' lang='grc' dir='ltr'><strong><em>θράσος</em></strong></span> <span class='ocrx_word' id='word_1_71' title='bbox 700 1111 876 1183; x_wconf 88' lang='grc' dir='ltr'><strong><em>διπλάσιον</em></strong></span> <span class='ocrx_word' id='word_1_72' title='bbox 889 1119 1004 1204; x_wconf 86' lang='grc' dir='ltr'><strong><em>ἐνίφυ,</em></strong></span> 
     </span>
     <span class='ocr_line' id='line_1_11' title="bbox 24 1207 1056 1303; baseline 0.004 -21"><span class='ocrx_word' id='word_1_73' title='bbox 24 1215 84 1282; x_wconf 80' lang='grc' dir='ltr'><strong><em>καὶ</em></strong></span> <span class='ocrx_word' id='word_1_74' title='bbox 103 1216 165 1282; x_wconf 85' lang='grc' dir='ltr'><strong><em>τού</em></strong></span> <span class='ocrx_word' id='word_1_75' title='bbox 176 1217 275 1283; x_wconf 85' lang='grc' dir='ltr'><strong><em>νικάν</em></strong></span> <span class='ocrx_word' id='word_1_76' title='bbox 289 1207 310 1302; x_wconf 83' lang='grc' dir='ltr'><em>ἢ</em></span> <span class='ocrx_word' id='word_1_77' title='bbox 322 1213 382 1284; x_wconf 88' lang='grc' dir='ltr'><strong><em>τόν</em></strong></span> <span class='ocrx_word' id='word_1_78' title='bbox 395 1211 498 1284; x_wconf 89' lang='grc' dir='ltr'><strong><em>αύτόν</em></strong></span> <span class='ocrx_word' id='word_1_79' title='bbox 513 1218 652 1295; x_wconf 85' lang='grc' dir='ltr'><strong><em>ἐκείνοις</em></strong></span> <span class='ocrx_word' id='word_1_80' title='bbox 665 1213 791 1301; x_wconf 89' lang='grc' dir='ltr'><strong><em>τρόπον</em></strong></span> <span class='ocrx_word' id='word_1_81' title='bbox 803 1213 1003 1303; x_wconf 79' lang='grc' dir='ltr'><strong><em>ἀποθανεῖν,</em></strong></span> <span class='ocrx_word' id='word_1_82' title='bbox 1024 1224 1056 1273; x_wconf 90' lang='lat'><strong><em>10</em></strong></span> 
     </span>
     <span class='ocr_line' id='line_1_12' title="bbox 25 1316 1005 1403; baseline 0.003 -20"><span class='ocrx_word' id='word_1_83' title='bbox 25 1316 111 1401; x_wconf 83' lang='grc' dir='ltr'><strong><em>πρίν</em></strong></span> <span class='ocrx_word' id='word_1_84' title='bbox 130 1321 175 1394; x_wconf 85' lang='grc' dir='ltr'><strong><em>είς</em></strong></span> <span class='ocrx_word' id='word_1_85' title='bbox 195 1323 364 1402; x_wconf 84' lang='grc' dir='ltr'><strong><em>πολεμίων</em></strong></span> <span class='ocrx_word' id='word_1_86' title='bbox 382 1332 492 1403; x_wconf 87' lang='grc' dir='ltr'><strong><em>χεῖρας</em></strong></span> <span class='ocrx_word' id='word_1_87' title='bbox 512 1321 645 1400; x_wconf 89' lang='grc' dir='ltr'><strong><em>ἐλθεῖν,</em></strong></span> <span class='ocrx_word' id='word_1_88' title='bbox 670 1316 770 1396; x_wconf 84' lang='grc' dir='ltr'><strong><em>καλός</em></strong></span> <span class='ocrx_word' id='word_1_89' title='bbox 797 1325 887 1401; x_wconf 78' lang='grc' dir='ltr'><strong><em>ἔρως.</em></strong></span> <span class='ocrx_word' id='word_1_90' title='bbox 918 1323 1005 1387; x_wconf 85' lang='grc' dir='ltr'><strong><em>ἐκεί-</em></strong></span> 
     </span>
     <span class='ocr_line' id='line_1_13' title="bbox 24 1406 1004 1511; baseline 0.002 -25"><span class='ocrx_word' id='word_1_91' title='bbox 24 1443 93 1502; x_wconf 88' lang='grc' dir='ltr'><strong><em>νην</em></strong></span> <span class='ocrx_word' id='word_1_92' title='bbox 106 1417 169 1504; x_wconf 69' lang='grc' dir='ltr'><strong><em>μὲν</em></strong></span> <span class='ocrx_word' id='word_1_93' title='bbox 182 1406 244 1486; x_wconf 85' lang='grc' dir='ltr'><strong><em>οὖν</em></strong></span> <span class='ocrx_word' id='word_1_94' title='bbox 257 1415 319 1505; x_wconf 79' lang='grc' dir='ltr'><strong><em>την</em></strong></span> <span class='ocrx_word' id='word_1_95' title='bbox 333 1415 440 1487; x_wconf 93' lang='grc' dir='ltr'><strong><em>νύκτα</em></strong></span> <span class='ocrx_word' id='word_1_96' title='bbox 454 1414 878 1502; x_wconf 72' lang='grc' dir='ltr'><strong><em>παρεστρατοπεδευκότων</em></strong></span> <span class='ocrx_word' id='word_1_97' title='bbox 892 1421 939 1511; x_wconf 77' lang='grc' dir='ltr'><strong><em>τῷ</em></strong></span> <span class='ocrx_word' id='word_1_98' title='bbox 948 1416 1004 1506; x_wconf 82' lang='grc' dir='ltr'><strong><em>χά·</em></strong></span> 
     </span>
     <span class='ocr_line' id='line_1_14' title="bbox 24 1516 1004 1606; baseline 0.005 -22"><span class='ocrx_word' id='word_1_99' title='bbox 24 1545 105 1604; x_wconf 90' lang='grc' dir='ltr'><strong><em>ρακι</em></strong></span> <span class='ocrx_word' id='word_1_100' title='bbox 124 1521 192 1586; x_wconf 78' lang='grc' dir='ltr'><strong><em>των</em></strong></span> <span class='ocrx_word' id='word_1_101' title='bbox 210 1527 396 1606; x_wconf 82' lang='grc' dir='ltr'><strong><em>πολεμίων,</em></strong></span> <span class='ocrx_word' id='word_1_102' title='bbox 411 1516 581 1605; x_wconf 85' lang='grc' dir='ltr'><strong><em>ἀγρυπνοί</em></strong></span> <span class='ocrx_word' id='word_1_103' title='bbox 595 1545 631 1588; x_wconf 92' lang='grc' dir='ltr'><strong><em>τε</em></strong></span> <span class='ocrx_word' id='word_1_104' title='bbox 648 1524 684 1588; x_wconf 85' lang='grc' dir='ltr'><strong><em>οί</em></strong></span> <span class='ocrx_word' id='word_1_105' title='bbox 694 1516 846 1606; x_wconf 84' lang='grc' dir='ltr'><strong><em>Ῥωμαῖοι</em></strong></span> <span class='ocrx_word' id='word_1_106' title='bbox 864 1522 922 1587; x_wconf 83' lang='grc' dir='ltr'><strong><em>καλ</em></strong></span> <span class='ocrx_word' id='word_1_107' title='bbox 936 1524 1004 1589; x_wconf 90' lang='grc' dir='ltr'><strong><em>ἐπι-</em></strong></span> 
     </span>
     <span class='ocr_line' id='line_1_15' title="bbox 25 1615 1003 1709; baseline 0.003 -23"><span class='ocrx_word' id='word_1_108' title='bbox 25 1615 243 1702; x_wconf 78' lang='grc' dir='ltr'><strong><em>σκευάζοντες</em></strong></span> <span class='ocrx_word' id='word_1_109' title='bbox 266 1618 307 1688; x_wconf 90' lang='grc' dir='ltr'><strong><em>τά</em></strong></span> <span class='ocrx_word' id='word_1_110' title='bbox 330 1618 540 1708; x_wconf 82' lang='grc' dir='ltr'><strong><em>πεπονηκότα</em></strong></span> <span class='ocrx_word' id='word_1_111' title='bbox 563 1623 624 1688; x_wconf 86' lang='grc' dir='ltr'><strong><em>τού</em></strong></span> <span class='ocrx_word' id='word_1_112' title='bbox 640 1618 782 1709; x_wconf 85' lang='grc' dir='ltr'><strong><em>χάρακος</em></strong></span> <span class='ocrx_word' id='word_1_113' title='bbox 801 1623 1003 1708; x_wconf 75' lang='grc' dir='ltr'><strong><em>διετέλεσαν,</em></strong></span> 
     </span>
     <span class='ocr_line' id='line_1_16' title="bbox 7 1717 1054 1809; baseline 0.007 -26"><span class='ocrx_word' id='word_1_114' title='bbox 7 1718 69 1787; x_wconf 91' lang='grc' dir='ltr'><strong><em>.τά</em></strong></span> <span class='ocrx_word' id='word_1_115' title='bbox 92 1747 129 1790; x_wconf 89' lang='grc' dir='ltr'><strong><em>τε</em></strong></span> <span class='ocrx_word' id='word_1_116' title='bbox 152 1717 236 1790; x_wconf 85' lang='grc' dir='ltr'><strong><em>ἀλλα</em></strong></span> <span class='ocrx_word' id='word_1_117' title='bbox 260 1717 310 1802; x_wconf 79' lang='grc' dir='ltr'><strong><em>οἷς</em></strong></span> <span class='ocrx_word' id='word_1_118' title='bbox 335 1717 517 1806; x_wconf 80' lang='grc' dir='ltr'><strong><em>ἀπερύκειν</em></strong></span> <span class='ocrx_word' id='word_1_119' title='bbox 535 1729 675 1809; x_wconf 78' lang='grc' dir='ltr'><strong><em>ἔμελλον</em></strong></span> <span class='ocrx_word' id='word_1_120' title='bbox 698 1720 820 1801; x_wconf 83' lang='grc' dir='ltr'><strong><em>αὐτούς</em></strong></span> <span class='ocrx_word' id='word_1_121' title='bbox 839 1729 871 1792; x_wconf 86' lang='grc' dir='ltr'><strong><em>εί</em></strong></span> <span class='ocrx_word' id='word_1_122' title='bbox 886 1749 1003 1809; x_wconf 87' lang='grc' dir='ltr'><strong><em>πειρα-</em></strong></span> <span class='ocrx_word' id='word_1_123' title='bbox 1023 1731 1054 1780; x_wconf 83' lang='grc'><strong><em>15</em></strong></span> 
     </span>
     <span class='ocr_line' id='line_1_17' title="bbox 25 1820 1002 1911; baseline 0.002 -21"><span class='ocrx_word' id='word_1_124' title='bbox 25 1833 125 1891; x_wconf 85' lang='grc' dir='ltr'><strong><em>θεῖεν</em></strong></span> <span class='ocrx_word' id='word_1_125' title='bbox 149 1821 252 1892; x_wconf 78' lang='grc' dir='ltr'><strong><em>πάλιν</em></strong></span> <span class='ocrx_word' id='word_1_126' title='bbox 274 1839 482 1911; x_wconf 78' lang='grc' dir='ltr'><strong><em>τειχομαχεῖν</em></strong></span> <span class='ocrx_word' id='word_1_127' title='bbox 507 1822 614 1892; x_wconf 82' lang='grc' dir='ltr'><strong><em>πολλὰ</em></strong></span> <span class='ocrx_word' id='word_1_128' title='bbox 645 1826 700 1891; x_wconf 80' lang='grc' dir='ltr'><strong><em>καὶ</em></strong></span> <span class='ocrx_word' id='word_1_129' title='bbox 725 1840 867 1892; x_wconf 88' lang='grc' dir='ltr'><strong><em>παντοῖα</em></strong></span> <span class='ocrx_word' id='word_1_130' title='bbox 891 1820 1002 1906; x_wconf 85' lang='grc' dir='ltr'><strong><em>εύτρε-</em></strong></span> 
     </span>
     <span class='ocr_line' id='line_1_18' title="bbox 26 1920 1002 2016; baseline 0.004 -24"><span class='ocrx_word' id='word_1_131' title='bbox 26 1920 207 2012; x_wconf 81' lang='grc' dir='ltr'><strong><em>πιζόμενοι.</em></strong></span> <span class='ocrx_word' id='word_1_132' title='bbox 233 1929 273 2015; x_wconf 74' lang='grc' dir='ltr'><strong><em>τῇ</em></strong></span> <span class='ocrx_word' id='word_1_133' title='bbox 289 1922 320 1995; x_wconf 85' lang='grc' dir='ltr'><strong><em>δ’</em></strong></span> <span class='ocrx_word' id='word_1_134' title='bbox 340 1928 414 2011; x_wconf 81' lang='grc' dir='ltr'><strong><em>ἕξης</em></strong></span> <span class='ocrx_word' id='word_1_135' title='bbox 429 1931 512 1995; x_wconf 81' lang='grc' dir='ltr'><strong><em>αἵτε</em></strong></span> <span class='ocrx_word' id='word_1_136' title='bbox 526 1932 711 2016; x_wconf 78' lang='grc' dir='ltr'><strong><em>προσβολαί</em></strong></span> <span class='ocrx_word' id='word_1_137' title='bbox 724 1921 826 1994; x_wconf 81' lang='grc' dir='ltr'><strong><em>πόλιν</em></strong></span> <span class='ocrx_word' id='word_1_138' title='bbox 840 1930 1002 2013; x_wconf 78' lang='grc' dir='ltr'><strong><em>ἐγίνοντο,</em></strong></span> 
     </span>
     <span class='ocr_line' id='line_1_19' title="bbox 26 2022 1002 2116; baseline 0.005 -23"><span class='ocrx_word' id='word_1_139' title='bbox 26 2028 83 2094; x_wconf 85' lang='grc' dir='ltr'><strong><em>καὶ</em></strong></span> <span class='ocrx_word' id='word_1_140' title='bbox 107 2022 125 2094; x_wconf 86' lang='grc' dir='ltr'>ὁ</span> <span class='ocrx_word' id='word_1_141' title='bbox 152 2024 254 2113; x_wconf 83' lang='grc' dir='ltr'><strong><em>χάραξ</em></strong></span> <span class='ocrx_word' id='word_1_142' title='bbox 280 2031 438 2096; x_wconf 83' lang='grc' dir='ltr'><strong><em>διεσπάτο</em></strong></span> <span class='ocrx_word' id='word_1_143' title='bbox 455 2026 538 2097; x_wconf 90' lang='grc' dir='ltr'><strong><em>κατά</em></strong></span> <span class='ocrx_word' id='word_1_144' title='bbox 556 2026 662 2097; x_wconf 80' lang='grc' dir='ltr'><strong><em>πολλὰ</em></strong></span> <span class='ocrx_word' id='word_1_145' title='bbox 680 2032 779 2116; x_wconf 81' lang='grc' dir='ltr'><strong><em>μέρη·</em></strong></span> <span class='ocrx_word' id='word_1_146' title='bbox 808 2030 866 2096; x_wconf 82' lang='grc' dir='ltr'><strong><em>καλ</em></strong></span> <span class='ocrx_word' id='word_1_147' title='bbox 882 2026 1002 2098; x_wconf 89' lang='grc' dir='ltr'><strong><em>πολλά·</em></strong></span> 
     </span>
     <span class='ocr_line' id='line_1_20' title="bbox 26 2125 1003 2216; baseline 0.005 -22"><span class='ocrx_word' id='word_1_148' title='bbox 26 2155 77 2206; x_wconf 87' lang='grc' dir='ltr'><strong><em>κις</em></strong></span> <span class='ocrx_word' id='word_1_149' title='bbox 102 2127 166 2215; x_wconf 66' lang='grc' dir='ltr'><strong><em>μὲν</em></strong></span> <span class='ocrx_word' id='word_1_150' title='bbox 189 2125 256 2197; x_wconf 87' lang='grc' dir='ltr'><strong><em>ύπδ</em></strong></span> <span class='ocrx_word' id='word_1_151' title='bbox 280 2132 349 2197; x_wconf 79' lang='grc' dir='ltr'><strong><em>τῶν</em></strong></span> <span class='ocrx_word' id='word_1_152' title='bbox 371 2128 529 2211; x_wconf 78' lang='grc' dir='ltr'><strong><em>ἐξούντων</em></strong></span> <span class='ocrx_word' id='word_1_153' title='bbox 552 2126 636 2199; x_wconf 89' lang='grc' dir='ltr'><strong><em>κατά</em></strong></span> <span class='ocrx_word' id='word_1_154' title='bbox 659 2128 851 2216; x_wconf 89' lang='grc' dir='ltr'><strong><em>συστροφάς</em></strong></span> <span class='ocrx_word' id='word_1_155' title='bbox 882 2134 920 2198; x_wconf 82' lang='grc' dir='ltr'><strong><em>ἐκ</em></strong></span> <span class='ocrx_word' id='word_1_156' title='bbox 941 2134 1003 2199; x_wconf 86' lang='grc' dir='ltr'><strong><em>τού</em></strong></span> 
     </span>
     <span class='ocr_line' id='line_1_21' title="bbox 26 2226 1053 2317; baseline 0.005 -23"><span class='ocrx_word' id='word_1_157' title='bbox 26 2226 169 2316; x_wconf 76' lang='grc' dir='ltr'><strong><em>χάρακος</em></strong></span> <span class='ocrx_word' id='word_1_158' title='bbox 189 2228 460 2317; x_wconf 82' lang='grc' dir='ltr'><strong><em>ἐξεκρούσθησᾰν</em></strong></span> <span class='ocrx_word' id='word_1_159' title='bbox 476 2235 511 2298; x_wconf 87' lang='grc' dir='ltr'><strong><em>οί</em></strong></span> <span class='ocrx_word' id='word_1_160' title='bbox 527 2235 687 2313; x_wconf 75' lang='grc' dir='ltr'><strong><em>Αἰκανοί,</em></strong></span> <span class='ocrx_word' id='word_1_161' title='bbox 701 2231 859 2308; x_wconf 76' lang='grc' dir='ltr'><strong><em>πολλάκις</em></strong></span> <span class='ocrx_word' id='word_1_162' title='bbox 873 2228 906 2298; x_wconf 85' lang='grc' dir='ltr'><strong><em>δ’</em></strong></span> <span class='ocrx_word' id='word_1_163' title='bbox 922 2226 1003 2299; x_wconf 85' lang='grc' dir='ltr'><strong><em>ἀνε-</em></strong></span> <span class='ocrx_word' id='word_1_164' title='bbox 1020 2241 1053 2288; x_wconf 79' lang='lat'><strong><em>20</em></strong></span> 
     </span>
     <span class='ocr_line' id='line_1_22' title="bbox 7 2327 1002 2416; baseline 0.004 -19"><span class='ocrx_word' id='word_1_165' title='bbox 7 2327 179 2416; x_wconf 84' lang='grc' dir='ltr'><strong><em>,κόπησαν</em></strong></span> <span class='ocrx_word' id='word_1_166' title='bbox 195 2328 254 2401; x_wconf 79' lang='grc' dir='ltr'><strong><em>ἀπ’</em></strong></span> <span class='ocrx_word' id='word_1_167' title='bbox 277 2334 417 2400; x_wconf 82' lang='grc' dir='ltr'><strong><em>ἐκείνων</em></strong></span> <span class='ocrx_word' id='word_1_168' title='bbox 434 2336 470 2400; x_wconf 87' lang='grc' dir='ltr'><strong><em>οί</em></strong></span> <span class='ocrx_word' id='word_1_169' title='bbox 483 2328 697 2416; x_wconf 70' lang='grc' dir='ltr'><strong><em>θρασύτερον</em></strong></span> <span class='ocrx_word' id='word_1_170' title='bbox 716 2328 908 2412; x_wconf 81' lang='grc' dir='ltr'><strong><em>ἐπεξιόντες.</em></strong></span> <span class='ocrx_word' id='word_1_171' title='bbox 946 2334 1002 2401; x_wconf 80' lang='grc' dir='ltr'><strong><em>καὶ</em></strong></span> 
     </span>
     <span class='ocr_line' id='line_1_23' title="bbox 23 2427 1002 2520; baseline 0.002 -21"><span class='ocrx_word' id='word_1_172' title='bbox 23 2437 123 2500; x_wconf 84' lang='grc' dir='ltr'><strong><em>τοῦτο</em></strong></span> <span class='ocrx_word' id='word_1_173' title='bbox 143 2427 189 2500; x_wconf 87' lang='grc' dir='ltr'><strong><em>δι’</em></strong></span> <span class='ocrx_word' id='word_1_174' title='bbox 207 2429 286 2519; x_wconf 81' lang='grc' dir='ltr'><strong><em>ὅλης</em></strong></span> <span class='ocrx_word' id='word_1_175' title='bbox 303 2436 361 2519; x_wconf 82' lang='grc' dir='ltr'><strong><em>της</em></strong></span> <span class='ocrx_word' id='word_1_176' title='bbox 379 2427 502 2520; x_wconf 80' lang='grc' dir='ltr'><strong><em>ἡμέρας</em></strong></span> <span class='ocrx_word' id='word_1_177' title='bbox 522 2437 663 2520; x_wconf 80' lang='grc' dir='ltr'><strong><em>ἐγίνετο·</em></strong></span> <span class='ocrx_word' id='word_1_178' title='bbox 691 2439 776 2504; x_wconf 78' lang='grc' dir='ltr'><strong><em>ἔνθα</em></strong></span> <span class='ocrx_word' id='word_1_179' title='bbox 792 2429 811 2500; x_wconf 84' lang='grc' dir='ltr'><strong><em>ό</em></strong></span> <span class='ocrx_word' id='word_1_180' title='bbox 829 2459 864 2513; x_wconf 87' lang='grc' dir='ltr'><strong><em>τε</em></strong></span> <span class='ocrx_word' id='word_1_181' title='bbox 877 2429 1002 2515; x_wconf 85' lang='grc' dir='ltr'><strong><em>ύπατος</em></strong></span> 
     </span>
     <span class='ocr_line' id='line_1_24' title="bbox 25 2527 1002 2627; baseline 0.001 -26"><span class='ocrx_word' id='word_1_182' title='bbox 25 2530 42 2601; x_wconf 84' lang='grc' dir='ltr'><strong>ὁ</strong></span> <span class='ocrx_word' id='word_1_183' title='bbox 66 2537 136 2602; x_wconf 78' lang='grc' dir='ltr'><strong><em>τῶν</em></strong></span> <span class='ocrx_word' id='word_1_184' title='bbox 156 2527 325 2621; x_wconf 85' lang='grc' dir='ltr'><strong><em>Ῥωμαίων</em></strong></span> <span class='ocrx_word' id='word_1_185' title='bbox 346 2544 476 2627; x_wconf 79' lang='grc' dir='ltr'><strong><em>σαυνίῳ</em></strong></span> <span class='ocrx_word' id='word_1_186' title='bbox 503 2532 559 2603; x_wconf 87' lang='grc' dir='ltr'><strong><em>διά</em></strong></span> <span class='ocrx_word' id='word_1_187' title='bbox 578 2537 637 2604; x_wconf 82' lang='grc' dir='ltr'><strong><em>τοῦ</em></strong></span> <span class='ocrx_word' id='word_1_188' title='bbox 653 2537 782 2619; x_wconf 83' lang='grc' dir='ltr'><strong><em>θυρεοῦ</em></strong></span> <span class='ocrx_word' id='word_1_189' title='bbox 801 2539 1002 2621; x_wconf 88' lang='grc' dir='ltr'><strong><em>διαπερονη-</em></strong></span> 
     </span>
     <span class='ocr_line' id='line_1_25' title="bbox 24 2631 1002 2724; baseline 0.004 -22"><span class='ocrx_word' id='word_1_190' title='bbox 24 2636 100 2712; x_wconf 85' lang='grc' dir='ltr'><strong><em>θεὶς</em></strong></span> <span class='ocrx_word' id='word_1_191' title='bbox 121 2633 334 2720; x_wconf 76' lang='grc' dir='ltr'><strong><em>τιτρώσκεται</em></strong></span> <span class='ocrx_word' id='word_1_192' title='bbox 356 2635 416 2704; x_wconf 86' lang='grc' dir='ltr'><strong><em>τὸν</em></strong></span> <span class='ocrx_word' id='word_1_193' title='bbox 441 2634 564 2724; x_wconf 88' lang='grc' dir='ltr'><strong><em>μηρόν,</em></strong></span> <span class='ocrx_word' id='word_1_194' title='bbox 592 2637 647 2704; x_wconf 85' lang='grc' dir='ltr'><strong><em>καλ</em></strong></span> <span class='ocrx_word' id='word_1_195' title='bbox 678 2631 772 2705; x_wconf 88' lang='grc' dir='ltr'><strong><em>ἀλλοι</em></strong></span> <span class='ocrx_word' id='word_1_196' title='bbox 798 2636 915 2724; x_wconf 72' lang='grc' dir='ltr'><strong><em>συχνοὶ</em></strong></span> <span class='ocrx_word' id='word_1_197' title='bbox 934 2640 1002 2706; x_wconf 78' lang='grc' dir='ltr'><strong><em>των</em></strong></span> 
     </span>
     <span class='ocr_line' id='line_1_26' title="bbox 27 2732 1052 2826; baseline 0.004 -23"><span class='ocrx_word' id='word_1_198' title='bbox 27 2738 202 2822; x_wconf 76' lang='grc' dir='ltr'><strong><em>ἐπιφανῶν</em></strong></span> <span class='ocrx_word' id='word_1_199' title='bbox 219 2733 292 2805; x_wconf 82' lang='grc' dir='ltr'><strong><em>ὅσοι</em></strong></span> <span class='ocrx_word' id='word_1_200' title='bbox 309 2739 385 2820; x_wconf 80' lang='grc' dir='ltr'><strong><em>περί</em></strong></span> <span class='ocrx_word' id='word_1_201' title='bbox 400 2733 504 2806; x_wconf 88' lang='grc' dir='ltr'><strong><em>αύτδν</em></strong></span> <span class='ocrx_word' id='word_1_202' title='bbox 522 2735 696 2826; x_wconf 74' lang='grc' dir='ltr'><strong><em>ἐμάχοντο</em></strong></span> <span class='ocrx_word' id='word_1_203' title='bbox 711 2734 777 2825; x_wconf 77' lang='grc' dir='ltr'><strong><em>ἤδη</em></strong></span> <span class='ocrx_word' id='word_1_204' title='bbox 792 2737 830 2806; x_wconf 75' lang='grc' dir='ltr'><strong><em>δέ</em></strong></span> <span class='ocrx_word' id='word_1_205' title='bbox 841 2754 910 2819; x_wconf 89' lang='grc' dir='ltr'><strong><em>τοῖς</em></strong></span> <span class='ocrx_word' id='word_1_206' title='bbox 925 2732 1001 2809; x_wconf 77' lang='grc' dir='ltr'><strong><em>Ῥω·</em></strong></span> <span class='ocrx_word' id='word_1_207' title='bbox 1019 2760 1052 2807; x_wconf 79' lang='lat'><strong><em>25</em></strong></span> 
     </span>
     <span class='ocr_line' id='line_1_27' title="bbox 1 2832 1001 2929; baseline 0.004 -26"><span class='ocrx_word' id='word_1_208' title='bbox 1 2845 136 2929; x_wconf 23' lang='grc' dir='ltr'><strong><em>,μαίοις</em></strong></span> <span class='ocrx_word' id='word_1_209' title='bbox 163 2832 382 2925; x_wconf 87' lang='grc' dir='ltr'><strong><em>ἀπειρηκόσιν</em></strong></span> <span class='ocrx_word' id='word_1_210' title='bbox 412 2836 661 2927; x_wconf 88' lang='grc' dir='ltr'><strong><em>ἀπροσδόκητος</em></strong></span> <span class='ocrx_word' id='word_1_211' title='bbox 687 2843 899 2926; x_wconf 87' lang='grc' dir='ltr'><strong><em>ἐπιφαίνεται</em></strong></span> <span class='ocrx_word' id='word_1_212' title='bbox 923 2843 1001 2924; x_wconf 81' lang='grc' dir='ltr'><strong><em>περὶ</em></strong></span> 
     </span>
     <span class='ocr_line' id='line_1_28' title="bbox 1 2934 1000 3033; baseline 0.003 -29"><span class='ocrx_word' id='word_1_213' title='bbox 1 3026 2 3033; x_wconf 26' lang='grc'><strong><em>,</em></strong></span> <span class='ocrx_word' id='word_1_214' title='bbox 29 2942 146 3025; x_wconf 89' lang='grc' dir='ltr'><strong><em>δείλην</em></strong></span> <span class='ocrx_word' id='word_1_215' title='bbox 168 2934 271 3019; x_wconf 76' lang='grc' dir='ltr'><strong><em>ὀνίαν</em></strong></span> <span class='ocrx_word' id='word_1_216' title='bbox 294 2937 443 3026; x_wconf 83' lang='grc' dir='ltr'><strong><em>προσιάν</em></strong></span> <span class='ocrx_word' id='word_1_217' title='bbox 462 2949 634 3025; x_wconf 88' lang='grc' dir='ltr'><strong><em>Κοίντιος,</em></strong></span> <span class='ocrx_word' id='word_1_218' title='bbox 665 2936 758 3027; x_wconf 78' lang='grc' dir='ltr'><strong><em>ἄγων</em></strong></span> <span class='ocrx_word' id='word_1_219' title='bbox 782 2940 844 3027; x_wconf 82' lang='grc' dir='ltr'><strong><em>τὴν</em></strong></span> <span class='ocrx_word' id='word_1_220' title='bbox 863 2937 1000 3009; x_wconf 87' lang='grc' dir='ltr'><strong><em>ἐθελού-</em></strong></span> 
     </span>
     <span class='ocr_line' id='line_1_29' title="bbox 27 3036 1003 3130; baseline 0.002 -23"><span class='ocrx_word' id='word_1_221' title='bbox 27 3062 103 3108; x_wconf 92' lang='grc' dir='ltr'><strong><em>σιον</em></strong></span> <span class='ocrx_word' id='word_1_222' title='bbox 129 3041 325 3130; x_wconf 89' lang='grc' dir='ltr'><strong><em>ἐπικουρίαν</em></strong></span> <span class='ocrx_word' id='word_1_223' title='bbox 350 3048 418 3111; x_wconf 77' lang='grc' dir='ltr'><strong><em>τῶν</em></strong></span> <span class='ocrx_word' id='word_1_224' title='bbox 444 3039 690 3129; x_wconf 81' lang='grc' dir='ltr'><strong><em>ἀκμαιοτάτων,</em></strong></span> <span class='ocrx_word' id='word_1_225' title='bbox 722 3036 780 3120; x_wconf 82' lang='grc' dir='ltr'><strong><em>οδς</em></strong></span> <span class='ocrx_word' id='word_1_226' title='bbox 810 3037 940 3119; x_wconf 87' lang='grc' dir='ltr'><strong><em>ίδόντες</em></strong></span> <span class='ocrx_word' id='word_1_227' title='bbox 967 3047 1003 3111; x_wconf 86' lang='grc' dir='ltr'><strong><em>οί</em></strong></span> 
     </span>
     <span class='ocr_line' id='line_1_30' title="bbox 27 3139 1001 3230; baseline 0.002 -22"><span class='ocrx_word' id='word_1_228' title='bbox 27 3143 178 3229; x_wconf 85' lang='grc' dir='ltr'><strong><em>πολέμιοι</em></strong></span> <span class='ocrx_word' id='word_1_229' title='bbox 197 3141 395 3230; x_wconf 85' lang='grc' dir='ltr'><strong><em>προσιόντας</em></strong></span> <span class='ocrx_word' id='word_1_230' title='bbox 412 3139 619 3229; x_wconf 81' lang='grc' dir='ltr'><strong><em>ἀνέστρεφον</em></strong></span> <span class='ocrx_word' id='word_1_231' title='bbox 636 3141 777 3229; x_wconf 85' lang='grc' dir='ltr'><strong><em>ἀφέντες</em></strong></span> <span class='ocrx_word' id='word_1_232' title='bbox 789 3139 851 3228; x_wconf 80' lang='grc' dir='ltr'><strong><em>τὴν</em></strong></span> <span class='ocrx_word' id='word_1_233' title='bbox 864 3151 1001 3229; x_wconf 86' lang='grc' dir='ltr'><strong><em>πολιορ-</em></strong></span> 
     </span>
     <span class='ocr_line' id='line_1_31' title="bbox 27 3238 1051 3333; baseline 0.004 -24"><span class='ocrx_word' id='word_1_234' title='bbox 27 3250 106 3311; x_wconf 89' lang='grc' dir='ltr'><strong><em>κίαν</em></strong></span> <span class='ocrx_word' id='word_1_235' title='bbox 135 3238 250 3331; x_wconf 81' lang='grc' dir='ltr'><strong><em>ἀτελῆ·</em></strong></span> <span class='ocrx_word' id='word_1_236' title='bbox 296 3247 351 3313; x_wconf 82' lang='grc' dir='ltr'><strong><em>καὶ</em></strong></span> <span class='ocrx_word' id='word_1_237' title='bbox 382 3250 418 3316; x_wconf 88' lang='grc' dir='ltr'><strong><em>οί</em></strong></span> <span class='ocrx_word' id='word_1_238' title='bbox 437 3238 589 3333; x_wconf 64' lang='grc' dir='ltr'><strong><em>Ῥωμαῖοι</em></strong></span> <span class='ocrx_word' id='word_1_239' title='bbox 601 3241 851 3327; x_wconf 74' lang='grc' dir='ltr'><strong><em>,ἐπεξελθόντες</em></strong></span> <span class='ocrx_word' id='word_1_240' title='bbox 885 3239 998 3322; x_wconf 87' lang='grc' dir='ltr'><strong><em>αύτοῖς</em></strong></span> <span class='ocrx_word' id='word_1_241' title='bbox 1017 3257 1051 3305; x_wconf 76' lang='lat'><strong><em>⁸0</em></strong></span> 
     </span>
     <span class='ocr_line' id='line_1_32' title="bbox 2 3340 1000 3443; baseline 0.005 -34"><span class='ocrx_word' id='word_1_242' title='bbox 2 3436 3 3443; x_wconf 13' lang='lat'>¹</span> <span class='ocrx_word' id='word_1_243' title='bbox 28 3340 164 3415; x_wconf 77' lang='grc' dir='ltr'><strong><em>ἀπιοῦσι</em></strong></span> <span class='ocrx_word' id='word_1_244' title='bbox 189 3344 267 3425; x_wconf 81' lang='grc' dir='ltr'><strong><em>τούς</em></strong></span> <span class='ocrx_word' id='word_1_245' title='bbox 292 3340 522 3431; x_wconf 73' lang='grc' dir='ltr'><strong><em>ὑστερίζοντας</em></strong></span> <span class='ocrx_word' id='word_1_246' title='bbox 548 3344 720 3432; x_wconf 82' lang='grc' dir='ltr'><strong><em>ἐφόνευον,</em></strong></span> <span class='ocrx_word' id='word_1_247' title='bbox 754 3340 796 3415; x_wconf 90' lang='grc' dir='ltr'><strong><em>ού</em></strong></span> <span class='ocrx_word' id='word_1_248' title='bbox 814 3346 927 3432; x_wconf 87' lang='grc' dir='ltr'><strong><em>μέντοι</em></strong></span> <span class='ocrx_word' id='word_1_249' title='bbox 946 3347 1000 3414; x_wconf 82' lang='grc' dir='ltr'><strong><em>ἐπὶ</em></strong></span> 
     </span>
     <span class='ocr_line' id='line_1_33' title="bbox 2 3444 998 3555; baseline 0.003 -43"><span class='ocrx_word' id='word_1_250' title='bbox 2 3448 6 3471; x_wconf 82' lang='lat'><em>&#39;</em></span> <span class='ocrx_word' id='word_1_251' title='bbox 29 3444 135 3517; x_wconf 91' lang='grc' dir='ltr'><strong><em>πολύν</em></strong></span> <span class='ocrx_word' id='word_1_252' title='bbox 159 3470 198 3533; x_wconf 81' lang='grc' dir='ltr'><strong><em>γε</em></strong></span> <span class='ocrx_word' id='word_1_253' title='bbox 223 3445 345 3541; x_wconf 87' lang='grc' dir='ltr'><strong><em>χρόνον</em></strong></span> <span class='ocrx_word' id='word_1_254' title='bbox 368 3453 510 3531; x_wconf 85' lang='grc' dir='ltr'><strong><em>ἐδίωξαν</em></strong></span> <span class='ocrx_word' id='word_1_255' title='bbox 526 3444 684 3555; x_wconf 81' lang='grc' dir='ltr'><strong><em>ἀσθενεῖς</em></strong></span> <span class='ocrx_word' id='word_1_256' title='bbox 707 3444 800 3529; x_wconf 86' lang='grc' dir='ltr'><strong><em>όντες</em></strong></span> <span class='ocrx_word' id='word_1_257' title='bbox 823 3449 858 3515; x_wconf 81' lang='lat' dir='ltr'><strong><em>oc</em></strong></span> <span class='ocrx_word' id='word_1_258' title='bbox 880 3448 998 3516; x_wconf 82' lang='grc' dir='ltr'><strong><em>πολλοί</em></strong></span> 
     </span>
     <span class='ocr_line' id='line_1_34' title="bbox 2 3559 845 3621; baseline 0 -10"><span class='ocrx_word' id='word_1_259' title='bbox 2 3608 3 3611; x_wconf 76' lang='grc'><strong><em>,</em></strong></span> <span class='ocrx_word' id='word_1_260' title='bbox 61 3572 140 3609; x_wconf 67' lang='lat' dir='ltr'><strong>mon.</strong></span> <span class='ocrx_word' id='word_1_261' title='bbox 161 3576 206 3621; x_wconf 70' lang='grc' dir='ltr'><strong><em>χιι.</em></strong></span> <span class='ocrx_word' id='word_1_262' title='bbox 805 3559 845 3621; x_wconf 80' lang='grc'><strong><em>21</em></strong></span> 
     </span>
    </p>
   </div>
   <div class='ocr_carea' id='block_1_3' title="bbox 0 0 1202 3850">
    <p class='ocr_par' dir='ltr' id='par_1_3' title="bbox 0 0 1202 3850">
     <span class='ocr_line' id='line_1_35' title="bbox 0 0 1202 3850; baseline 0 0"><span class='ocrx_word' id='word_1_263' title='bbox 0 0 1202 3850; x_wconf 95' lang='lat' dir='ltr'><strong><em> </em></strong></span> 
     </span>
    </p>
   </div>
  </div>
 </body>
</html>
