2384 3850
456 89 498 100 -
543 57 655 116 Z·-
991 58 1035 122 39

55 226 210 314 στάζουσι
236 225 298 317 τήν
315 225 432 316 πόλιν,
456 225 588 299 ἅπαντα
606 231 710 299 ταῦτα
727 231 885 318 λέγοντας
903 227 1031 321 ἀληθῆ·

56 334 194 402 ποιοῦσι
211 327 275 420 γάρ
293 333 412 400 ταῦτα·
437 329 546 400 καὶτὸ
564 329 701 401 πάντων
718 330 963 421 χαλεπώτατον,
982 329 1035 404 ότι

56 438 266 504 δυναστείαν
296 429 553 522 περιβάλλονται
576 440 712 521 μείζονα
740 435 799 521 τῆς
822 454 1033 525 συγκεχωρη-

54 536 162 622 μένης
186 531 299 616 αὐτοῑς
322 530 459 622 άκριτον
482 531 694 605 ἀποκτείνειν
726 536 969 624 ἐπιχειροῦντες
992 531 1034 608 όν

54 631 104 705 άυ
123 636 287 705 ἐθέλωσιν
304 637 336 718 ἐξ
354 632 461 724 ήμοῖν,
480 637 536 704 καλ
554 633 605 705 ὅτι
624 642 678 706 δελν
688 632 765 716 τοῦς
778 639 884 706 ταῦτα
897 642 1033 707 ποιοῦν·
1068 661 1085 710 5

54 765 119 818 τας
136 735 299 807 τεθνάναι
316 744 461 825 νηποινί.
502 741 572 818 πῶς
595 732 639 810 άν
662 731 759 827 ὑμεῖς
783 739 948 826 ἐνέγκαιτε
970 736 1035 827 τὴν

55 834 250 909 αὐθάδειαν
263 841 323 908 τοῦ
335 844 535 926 συνεδρίου;
554 841 610 908 καλ
627 848 662 910 τί
672 833 716 909 άν
733 849 874 924 είποιτε;
892 829 948 930 αἶρ’
970 837 1034 910 οῦκ

55 938 324 1028 ἀγανακτήσαιτε
356 942 413 1010 καὶ
450 936 545 1010 δεινά
573 947 695 1030 φαίητε
724 939 882 1030 πάσχειν,
917 948 949 1010 εί
971 937 1034 1031 τήν

57 1048 252 1130 παρρησίαν
268 1039 492 1132 ἀφαιρήσεταί
506 1069 555 1123 τις
572 1039 659 1132 ὑμᾶς
676 1045 732 1112 καὶ
746 1041 807 1131 τήν
820 1047 1032 1133 ἐλευθερίαν,

56 1142 119 1213 τὸν
136 1139 223 1233 ῦπέρ
240 1147 309 1213 νῦν
333 1142 481 1233 ἐσχάτων
504 1150 668 1215 κίνδυνον
691 1147 820 1225 ἐπιθεὶς
843 1161 912 1227 τοῖς
937 1149 1032 1214 ἐλευ-
1052 1169 1085 1216 10

55 1247 170 1334 θέραν
195 1242 316 1333 φωνήν
345 1243 430 1335 ὑπὲρ
454 1249 517 1315 τοῦ
546 1243 655 1334 δήμου
678 1248 939 1335 φθεγξαμένοις;
970 1243 1034 1319 οῦκ

58 1341 167 1415 ἔνεστ’
189 1343 296 1426 άλλως
322 1353 438 1417 εἰπεῖν.
484 1345 592 1417 ἔπειθ’
615 1341 637 1416 ά
660 1359 786 1418 παθεῖν
803 1345 865 1417 οῦκ
889 1342 933 1417 άν
949 1344 1034 1418 ὑπο·
1057 1388 1059 1393 -

57 1455 209 1536 μείναιτε
230 1445 328 1518 αὐτοί
338 1502 347 1536 ,
370 1445 473 1519 ταῦθ’
493 1449 626 1539 ἑτέρους
644 1447 832 1538 πάσχοντας
849 1446 1033 1538 ἀνέχεσθαι

59 1550 247 1633 δικαιοῦτε;
274 1548 426 1620 πολιτικά
443 1579 493 1639 γε,
513 1539 540 1618 ά
560 1547 711 1638 δημόται,
730 1550 786 1619 καλ
803 1551 920 1637 μέτρια
936 1545 1035 1638 ῦμῦν

58 1647 98 1719 τά
123 1647 345 1739 βουλεύματα,
386 1656 523 1721 τοιαῦτα
552 1648 741 1739 ἀξιοῦντες,
774 1645 837 1720 οῦκ
860 1646 955 1720 αῦτολ
977 1657 1032 1738 βε·
1052 1674 1085 1722 15

60 1754 199 1838 βαιοῦτε
228 1750 286 1833 τάς
316 1748 398 1822 καθ’
425 1755 554 1824 ἑαυτῶν
578 1751 738 1840 διαβολάς
768 1747 909 1841 άληθεῑς
933 1750 1031 1839 εἶναι,

59 1855 115 1924 καὶ
141 1849 218 1935 τοῦς
241 1853 533 1944 συμβουλεύοντας
555 1850 618 1943 τήν
635 1853 831 1946 παράνομον
855 1851 953 1944 ῦμῦν
970 1860 1034 1925 δυ-

60 1963 222 2026 ναστείαν
237 1953 282 2045 μή
301 1961 461 2046 περιορᾶν
478 1953 677 2046 αὐξομένην,
695 1956 735 2027 τά
750 1962 864 2026 δίκαια
881 1959 937 2027 καὶ
950 1976 1033 2045 συμ-

16 2076 49 2124 ιει
60 2060 208 2147 φέροντα
238 2062 284 2150 τῷ
310 2061 414 2153 κοινῷ
442 2062 651 2150 φρονοῦντας
680 2054 919 2144 άποδείκυυτες
961 2056 1034 2148 ἐμβέ

60 2160 121 2247 μὲν
152 2155 216 2249 γάρ
247 2165 346 2230 δοκεῖ.
392 2156 461 2230 ἀλλ’
488 2172 522 2230 εί
541 2186 580 2248 γε
603 2156 764 2231 τάναντία
794 2158 962 2248 βούλεσθε
985 2148 1034 2229 οἷν
1050 2181 1086 2230 20

62 2263 294 2350 διαβέβλησθε
312 2276 439 2349 ποιεῖν,
464 2264 535 2350 ἐμοὶ
553 2259 735 2355 συμβούλῳ
754 2259 956 2351 χρησάμενοι
973 2289 1034 2349 με-

60 2360 217 2451 τριάσατε
251 2364 306 2432 καὶ
341 2362 418 2446 τοῦς
453 2361 573 2451 λόγους
610 2358 664 2451 ἐφ’
702 2358 752 2444 οἷς
788 2358 938 2451 άχθεσθε
974 2386 1034 2429 πο·

62 2465 194 2543 λιτικῦς
228 2466 284 2533 καλ
322 2461 367 2553 μή
403 2462 618 2553 δυσοργήτως
654 2465 812 2551 ἐνέγκετε,
863 2462 1033 2552 περιέσται

62 2562 123 2654 γάρ
160 2559 244 2653 ὑμῖν
278 2565 341 2654 μέν
382 2572 413 2635 εί
445 2570 543 2636 τοῦτο
579 2562 734 2653 ποιήσετε
768 2560 910 2653 άγαθοῑς
945 2560 1033 2634 εἶναι

64 2670 195 2753 δοκεῖν,
213 2684 282 2747 τοῖς
302 2667 339 2737 δέ
357 2662 514 2755 άπεχθως
534 2668 756 2756 διακειμένοις
773 2663 855 2755 πρός
872 2664 959 2755 ὑμᾶς
977 2693 1033 2754 με·
1050 2686 1085 2735 52

63 2783 206 2839 τανοεϊν.

138 2868 273 2942 ΧΧΧΙΙ,
320 2878 446 2940 Δίκαια
487 2870 550 2959 μέν
591 2866 633 2959 δή
673 2873 779 2939 ταῦτα
815 2864 1033 2959 προεχόμενοι

67 2969 146 3059 πρὸς
173 2966 257 3060 ὑμᾶς
281 2969 427 3061 μεγάλα,
459 2969 503 3051 ὥς
526 2998 564 3059 γε
593 2962 658 3041 οὖν
681 2968 838 3059 οἰόμεθα,
869 2974 1034 3056 πείθομεν

67 3067 150 3157 ὑμᾶς
180 3074 287 3162 μηδὲν
313 3070 564 3163 ἐξαμαρτάνειν·
599 3069 724 3163 χρηστά
757 3071 795 3140 δέ
824 3071 881 3139 καὶ
911 3066 1035 3158 φιλάν-

68 3180 188 3261 θρωπα
201 3181 293 3264 ἔργα,
307 3171 357 3256 οἷς
371 3171 564 3265 χρησόμεθα
577 3170 641 3244 οὐκ
658 3171 821 3243 ὀνειδίσαι
836 3169 1034 3259 βουλόμενοι
1051 3192 1087 3241 30

69 3268 151 3359 ὑμᾶς
173 3271 249 3345 ἀλλ’
276 3278 537 3366 ἐπιεικεστέρους
561 3278 714 3363 ποιήσαι,
750 3276 851 3364 χωρὶς
878 3274 948 3341 τῦν
972 3297 1034 3340 πα-

71 3378 171 3447 λαιάν
187 3375 227 3447 τά
244 3380 365 3448 νεωστί
386 3373 554 3467 γενόμενα
579 3378 655 3467 περὶ
679 3374 741 3464 τὴν
758 3373 909 3445 κάθοδον
925 3367 1034 3461 ῦμῦν,
