2384 3850
59 262 184 352 ὅρκους
197 268 431 351 παραβαίνειν,
452 259 560 344 δεξιὰς
573 267 838 351 παρασπονδεῖν,
856 256 1034 352 ὁμολογίας

60 361 228 452 ἀναιρεῖν,
249 362 343 454 δήμῳ
357 371 527 452 πολεμεῖν,
542 370 588 442 είς
603 358 775 452 ἀρχόντων
789 361 924 452 σώματα
937 359 1040 453 ῦβρί·Ι

62 475 149 551 ζειν,
174 467 231 533 καί
253 459 333 553 μηδ’
355 461 407 552 ἐφ’
436 467 487 534 ἑνί
511 462 641 535 τούτων
663 461 699 534 τὸ
718 467 812 553 στῦμα
834 460 1035 536 ῦπεύθννον

60 584 186 653 ποιεῖν,
204 562 279 636 ἀλλ’
298 563 435 651 ἀκριτον
448 563 700 654 ἀναπολόγητον
712 563 854 654 μηδενός
869 572 1039 656 δεηθέντα

61 669 198 757 μηθένα
221 668 417 756 φοβηθέντα
440 669 563 757 μηθενὶ
594 673 663 737 τών
691 665 861 737 τοσούτων
891 672 1039 738 πολιιων
1070 687 1089 736 ⁵

64 781 142 839 ι’σον
160 766 342 858 γενόμενον
362 764 470 852 ἀδεοῦς
487 785 715 857 περινοστεῖνς
743 759 796 856 ἀρ’
818 765 859 839 ού
876 798 1036 857 τυραννι-

63 874 129 940 κοῦ
150 869 277 959 τρόπον
301 885 424 958 σημεῖα
447 865 542 941 ταῦτ’
569 873 676 954 ἑστίας
703 878 814 959 ἔμοιγε
839 877 938 942 δοκεῖ.
981 874 1036 941 καὶ

62 980 185 1042 τοῦτον
206 968 295 1060 ὅμως
320 979 390 1042 είσί
408 1000 496 1055 τινες
519 978 555 1042 οί
575 969 829 1061 παραψύχοντες
853 975 909 1042 καί
927 998 1036 1062 παρα-

7 1091 53 1142 ι15
63 1075 262 1160 κροτοῦντες
280 1077 313 1155 ἐξ
330 1068 427 1161 ῦμών
444 1072 568 1161 αὐτῶν,
584 1069 634 1153 οἷς
650 1077 800 1164 ἐντέτηκε
812 1072 848 1144 τὸ
862 1071 945 1164 πρός
959 1073 1036 1155 τούς

65 1173 266 1263 δημοτικοὺς
282 1190 379 1262 μῖσος
397 1171 630 1261 ἀδιάλλακτον,
646 1176 702 1244 καί
717 1173 757 1245 ού
773 1173 935 1246 δύνανται
953 1196 1036 1246 συν·
1054 1193 1088 1241 10

66 1282 175 1363 ιδεῖν,
199 1271 250 1345 ὅτι
273 1272 377 1346 ούθλν
397 1282 524 1363 μᾶλλον
547 1275 629 1346 κατὰ
647 1280 959 1367 τοῦταπεινοιέρον
977 1279 1037 1366 μέ-

64 1406 149 1466 ρους
176 1379 244 1446 τών
275 1380 313 1447 έν
342 1383 383 1466 τῇ
407 1377 502 1448 πόλει
525 1378 647 1467 φύεται
670 1380 763 1449 τουτί
793 1377 829 1448 τό
853 1377 957 1449 κακόν
980 1381 1035 1448 καί

65 1476 152 1548 κατά
164 1482 225 1548 τοῦ
238 1482 455 1568 σεμνοτέρου·
474 1477 543 1549 ἀλλ’
564 1491 692 1549 οἴονται
709 1483 777 1549 τοῦ,
788 1478 952 1568 διαφόρου
970 1478 1037 1566 φύ-

65 1603 121 1649 σει
158 1583 475 1662 καταδουλωθέντος
505 1581 562 1650 καὶ
596 1579 634 1649 τὸ
664 1578 743 1649 καθ’
776 1578 915 1660 ἑαυτούς
950 1583 1037 1662 έξειν

65 1681 236 1769 ἀσφαλῶς.
270 1677 331 1770 οῦχ
349 1677 457 1763 οῦτως
475 1688 542 1771 ἔχει
558 1676 715 1768 τάληθές,
735 1671 761 1750 ώ
779 1680 912 1770 γνώμης
930 1676 1038 1770 ἆμαρ·
1057 1697 1094 1746 15

64 1781 226 1863 τάνοντες
244 1786 302 1869 τῆς
319 1781 471 1873 ἀρίστης·
500 1781 705 1853 διδάσκαλον
723 1783 761 1852 δὲ
778 1781 840 1871 τὴν
857 1775 978 1872 πεῖραν
994 1778 1039 1870 ἣν

64 1883 85 1955 ὁ
121 1882 276 1971 Μάρκιος
310 1887 486 1975 παρέχεται
525 1887 582 1956 καί
618 1882 676 1956 τὸν
711 1882 831 1976 χρόνον
865 1883 1040 1974 λαβόντες,

64 1984 216 2066 ὀθνείοις
241 2012 277 2055 τε
300 1984 367 2074 ἀμα
391 1990 447 2056 καί
466 1995 601 2069 οἰκείοις
625 1991 914 2078 σωφρονισθέντες
933 1983 1042 2075 παρα·

67 2095 226 2177 δείγμασι
246 2085 368 2175 γνοίητ’
393 2086 452 2173 ἀν,
476 2086 527 2160 ὅτι
550 2092 778 2180 μοσχευομένη
802 2086 885 2159 κατά
902 2092 963 2159 τοῦ
981 2087 1043 2175 δή·

64 2218 135 2279 μου
153 2191 311 2276 τυραννίς
329 2187 411 2260 καθ’
430 2187 509 2280 ὅλης
525 2196 583 2279 τῆς
602 2189 729 2272 πόλεως
745 2191 959 2280 μοσχεύεται,
983 2192 1039 2259 καὶ1
1056 2210 1096 2258 τοι

65 2296 138 2362 νῦν
154 2291 215 2379 μὲν
232 2287 292 2379 ἀφ’
314 2287 409 2381 ἡμῶν
426 2289 573 2381 ἀρχεται,
591 2284 784 2381 κρατήσασα
803 2294 839 2361 δέ
853 2288 927 2361 οὐδ’
943 2287 1045 2379 ῦμών,

66 2400 231 2483 φείσεται.

148 2493 349 2563 XXXXVll.
383 2501 526 2565 Τοιαῦτα
545 2490 724 2576 διεξιόντος
741 2496 800 2562 τοῦ
813 2499 959 2580 Δεκίου,
984 2494 1040 2561 καί

65 2599 139 2665 τών
162 2594 275 2668 ἀλλων
298 2594 479 2688 δημάρχων
505 2592 528 2664 δι’
550 2604 753 2685 παραλιπεῖν
777 2592 889 2677 αὐτοῖς
914 2598 1039 2675 ἐκεῖνος

66 2696 180 2767 ἐδόκει
205 2696 543 2789 συναγορευσάντων,
572 2696 688 2784 ἐπειδὴ
712 2695 845 2785 γνώμας
870 2703 938 2767 ἔδει
961 2696 1039 2778 τους
1057 2717 1093 2767 25

66 2801 257 2885 συνέδρους
275 2796 543 2890 ἀποφαίνεσθαι,
575 2802 700 2889 πρώτοι
723 2799 785 2888 μὲν
802 2804 838 2868 οί
852 2795 1039 2887 πρεσβύταω

65 2928 121 2969 τοι
150 2904 218 2970 τών
252 2899 426 2972 ῦπατικιῦν
457 2899 656 2991 καλούμενοι
691 2898 774 2969 κατδι
808 2896 866 2970 τόν
896 2897 1040 2968 εἰωθότα

13 2999 197 3091 λλοκόσμον
214 2998 280 3072 ῦπό
303 3010 371 3073 τῶν
388 3000 525 3074 ῦπάτων
548 3002 741 3075 ἀνίσταντο·
770 3007 882 3072 ἔπειτα
906 3006 940 3069 οί
962 2996 1041 3069 τού-

67 3130 140 3172 των
163 3097 398 3193 ῦποδεέστεροι
422 3102 496 3173 κατ’
525 3101 625 3193 ἀμφω
649 3105 767 3172 ταῦτα·
795 3111 979 3173 τελευταῖοι
1004 3100 1040 3171 δέ

67 3211 106 3274 oc
121 3201 281 3275 νεώτατοι
304 3203 404 3294 λόγον
427 3206 489 3292 μὲν
506 3202 635 3276 ούθένα
653 3208 820 3292 λέγοντες·
850 3211 898 3273 ἔτι
915 3201 979 3290 γάρ
997 3193 1040 3288 ἦν
1058 3225 1094 3273 30

68 3302 120 3374 δι’
145 3305 305 3395 αἰσχύνης
328 3306 400 3377 τότε
421 3302 590 3396 Ῥωμαίοις
613 3310 727 3391 τοῦτο,
752 3308 807 3373 καί
831 3307 904 3384 νέος
928 3300 1040 3382 οὐδεὶς

67 3406 169 3495 ἠξίου
199 3406 320 3478 ἑαυτόν
344 3406 537 3498 σοφώτερον
566 3408 653 3477 εἶναι
681 3401 887 3494 πρεσβύτου·
923 3406 1039 3470 έπικυ-
