2384 3850
446 93 648 153 ..Θ-

64 260 183 351 γάλων
201 258 342 345 ἕαυτοός
358 258 483 347 άξιοῦν.
519 261 610 335 τοῦτ’
633 268 770 335 ἐποίουν
782 250 957 357 ὁσημέραι·
983 272 1039 339 καὶ

67 365 145 434 έπεδ
161 361 265 434 οὐδὲν
283 367 477 454 ἐπέραινον,
496 362 715 455 ἀποτειχίζειν
739 364 862 449 αὐτοὺς
886 375 1040 457 ἔγνωσαν

4 460 115 547 75569
133 470 219 559 λιμῷ
240 465 575 555 προσαναγκάσοντες
592 472 809 558 παραστῆναι.
842 474 878 539 οί
899 472 936 541 δὲ
953 468 1037 541 666-

64 596 116 639 τοι
134 564 329 658 περιεόρων
346 565 387 638 τά
405 566 566 659 γινόμενα
588 571 684 661 μέχρι
702 574 845 658 πολιοῦ,
871 567 956 640 δι”
937 602 1038 644 6666·

66 676 169 758 δρίαν
199 664 316 757 μέν
294 699 316 759 η
346 678 514 759 μαλακίαν
544 669 722 793 οὐδεμίαν
752 669 939 795 ἀμφότεροι
973 672 1071 766 γάρε

65 768 215 890 εὔψυχοί
229 798 265 841 τε
200 773 338 842 ίκοδ
356 771 574 863 φιλοπόλεμοι
587 762 693 861 ἦσαν
725 771 762 844 τό
788 774 824 844 δὲ
846 779 921 845 των
938 795 1038 865 στρα-

62 876 198 943 τιωτῶν
217 871 422 945 ἐθελόκακόν
444 901 480 944 τε
503 877 560 945 καὶ
576 872 797 965 ἀπρόθυμον,
823 879 1017 965 διαμένον’
1001 906 1038 947 εν

64 989 137 1056 τοῖς
161 979 368 1064 δημοτικοῖς,
397 977 429 1059 ἐξ
447 1003 489 1046 ου
478 966 640 1067 '6666‘
602 1005 659 1065 της
682 984 881 1069 κληρουχίας
906 984 1039 1050 διεστα-

64 1082 203 1162 σίασαν,
220 1069 452 1166 ὑφορώμενοι·
473 1086 520 1148 ἔτι
537 1077 602 1167 γὰρ
621 1074 736 1161 αότοῑς
755 1085 881 1150 ἔναυλα
898 1082 955 1150 καὶ
962 1079 1038 1203 πρό

63 1173 225 1266 ὀμμάτων
254 1167 315 1300 66,
351 1175 373 1247 6
407 1207 453 1273 τφ
488 1179 693 1268 παρελθόντι
725 1184 867 1273 ἐνιαυτῷ
890 1179 973 1252 κατὰ
1001 1181 1037 1252 τὸ
1057 1200 1089 1249 10

63 1287 207 1368 ἔγκοτον
241 1286 300 1370 τῆς
335 1281 411 1371 περὶ
446 1277 505 1352 τόν
538 1278 669 1352 ὕπατον
702 1287 799 1373 τιμῆς
835 1312 855 1353 6
859 1282 955 1375 ίσχρδι
981 1286 1038 1353 καὶ

63 1378 243 1463 άνάξια
204 1409 262 1469 της
280 1379 407 1463 πόλεως
426 1380 641 1475 εἰργάσαντο,
660 1382 963 1475 παραχωρήσαντες
980 1388 1038 1472 τῆς

62 1490 165 1571 νίκης
188 1497 257 1563 τοῖς
283 1484 456 1573 ἡττηθεῖσι
481 1486 537 1555 καὶ
555 1490 667 1574 φυγῆς
683 1482 814 1565 όνειδος
832 1481 895 1555 οὐκ
912 1484 1039 1573 ἀληθὲς

62 1580 322 1674 ὑπομείναντες,
353 1586 476 1676 ἵναμὴ
500 1582 748 1675 καταγάγητδν
779 1588 942 1656 ἐπινίκιον
959 1592 1039 1676 θρί-

64 1693 179 1776 αμβον
195 1683 214 1755 6
231 1682 327 1778 6666.
1056 1704 1088 1755 15

144 1786 229 1858 VIII.
266 1786 471 1878 Βονλόμενοι
490 1786 532 1878 66
552 1786 587 1859 τό
612 1787 787 1873 στασιάζον
808 1790 844 1857 ἔκ
863 1791 922 1876 τῆς
940 1809 1037 1879 στρα-

62 1896 140 1972 τιάς
158 1892 283 1974 ἐξελεῖν
303 1897 351 1972 είς
368 1892 461 1973 τέλος
479 1891 535 1962 καί
559 1898 761 1981 καταστῆσαι
784 1887 886 1962 πάλιν
905 1896 953 1973 είς
976 1888 1038 1980 την

63 1996 101 2076 ἔξ
119 1989 224 2084 ἀρχῆς
241 1987 402 2082 ὁμόνοιαν
414 1989 505 2065 ἅπαν
522 1990 558 2064 τό
573 1997 721 2083 πλῆθος,
746 1995 802 2064 καί
821 1999 868 2074 είς
886 1998 923 2064 ἔν
940 1998 1038 2064 τοῦτο

63 2096 181 2165 πᾶσαν
200 2092 435 2217 εἰσφερόμενοι
452 2093 581 2219 606666
598 2124 635 2166 τε
653 2098 710 2166 καὶ
727 2093 901 2186 πρόνοιαν,
922 2093 1038 2185 ἐπειδη

63 2191 146 2266 0666
180 2194 314 2266 κολάσει
348 2197 471 2286 μέρους
509 2194 599 2278 τινὸς
640 2201 916 2288 σωφρονέστερον
956 2193 1036 2267 660-
1055 2213 1090 2262 ιο

4 2313 57 2366 1700
69 2299 192 2367 δοῦναι
225 2295 263 2367 τό
297 2295 415 2368 λοιπόν
449 2287 493 2385 66
527 2294 614 2367 πολε)
649 2298 705 2366 καὶ
742 2292 947 2376 6666666‘
928 2294 1038 2385 οπόρ-

63 2426 128 2488 χον
151 2395 268 2469 καὶ
230 2428 272 2469 τα
294 2396 382 2468 ὅπλα
404 2402 442 2469 ἐν
464 2415 537 2480 ταῖς
556 2399 672 2490 χερσίν
697 2403 789 2485 ἔχον,
822 2391 899 2466 οότε
924 2407 1041 2467 πειθοῖ

63 2501 344 2590 προσαγαγέσθαι
368 2497 477 2588 λόγων
502 2496 580 2582 τοός
607 2496 689 2569 0666
711 2501 894 2599 πεφθῆναι
919 2505 1036 2594 βουλος

63 2605 201 2691 μένους,
227 2600 290 2673 δόο
315 2599 438 2683 ταότας
459 2599 631 2690 ὑπέλαβον
655 2607 793 2671 ἔσεσθαι
812 2601 880 2670 τῶν
902 2619 1036 2670 στασια-

65 2700 192 2788 ζόντων
209 2710 318 2785 αἰτίας
335 2710 394 2792 της
412 2704 610 2793 διαλλαγῆς,
628 2718 697 2784 τοίς
714 2701 777 2792 μὲν
796 2704 1037 2794 ἐπιεικεστέρας
1055 2723 1088 2776 25

64 2802 283 2894 μετειληφόσι
300 2802 451 2895 φόσεως·
470 2808 551 2895 ἐνῆν
562 2803 627 2895 γάρ
645 2835 676 2876 τι
695 2806 750 2874 καί
767 2807 918 2876 τοιοῦτον
937 2807 974 2874 ἐν
991 2807 1038 2895 τῷ

65 2913 195 2999 πολλῷ·
231 2903 294 2995 666
313 2909 367 2977 ἔπὶ
384 2923 455 2988 τοῖς
478 2904 682 2995 ὀνειδισμοῖς
705 2910 772 2978 των
791 2911 960 2993 πολεμίων
986 2911 1039 2972 αί-

64 3004 212 3098 σχόνην·
236 3024 306 3089 τοῖς
326 3008 363 3078 δὲ
382 3006 590 3096 δυσαγιόγοις
609 3010 663 3078 ἔπί
677 3004 713 3077 τό
727 3004 846 3094 καλόν,
865 2999 909 3092 66
925 2999 1039 3074 ἅπασα

66 3111 222 3181 δέδοικεν
245 3106 431 3199 ἄνθρωπον
462 3107 564 3198 φόσις
587 3105 747 3198 άνόγκην.
797 3111 854 3179 ἵνα
873 3102 914 3193 66
934 3113 1038 3176 ταῦτα

63 3214 196 3299 γένοιτο
214 3208 386 3301 ἀμφότερα
393 3265 404 3300 ,
440 3214 569 3301 ἔφηκαν
594 3225 663 3292 τοῖς
685 3215 854 3298 πολεμίοις
884 3205 971 3300 λόγῳ
1002 3234 1038 3277 τε
1056 3229 1090 3280 30

66 3309 245 3402 οίσχόνειν
269 3319 464 3397 κακίζοντας
489 3317 587 3401 σφῶν
611 3308 655 3393 ὥς
679 3307 850 3401 άνανδρον
867 3306 930 3397 τὴν
954 3303 1039 3395 606-

64 3422 160 3506 χίαν,
186 3416 243 3484 καὶ
273 3422 382 3506 ἔργοις
405 3409 590 3505 όπεροφίας
615 3415 730 3484 τεκαὶ
760 3406 1038 3501 καταφρονήσεως
