2384 3850
155 61 636 169 ''⁸''-.-z-
970 112 1010 172 41

42 310 138 372 τερον
156 279 221 371 ἥδη
234 279 457 373 παρειληφώς,
468 277 627 353 ἀπάντων
645 280 764 372 ἥκιστα
777 289 845 355 τῶν
859 289 1012 374 δημαγω-

43 387 112 472 γῶν
131 384 241 476 ἑαυτῷ
258 379 642 475 συμφέρεινὸμουοησαι
659 381 810 474 οίόμευος
832 385 894 474 τὴν
913 385 1013 458 πόλιν

43 489 97 555 καί
115 483 174 555 τόν
192 481 331 575 ἀρχαίου
349 483 534 573 ἀναλαβεῖν
551 483 685 577 κόσμον,
714 482 756 556 ού
775 485 838 576 γάρ
856 486 937 558 ὅσον
954 486 1012 569 τάς

42 585 135 676 τιμάς
154 589 209 656 καὶ
226 584 284 667 τάς
308 584 467 676 δυνάμεις
491 590 578 671 ἕξειν
602 595 650 658 ἔτι
668 586 727 669 τάς
745 584 846 669 αύτάς
863 583 1013 678 ύπελάμ-
1137 665 1145 684 2

44 696 148 776 βανεν
165 685 418 780 ἀριστοκρατίας
436 693 711 778 πολιτευομένης,
738 688 885 780 γεγονώς
901 717 938 759 τε
956 719 1012 760 κα·
1048 713 1068 761 5

45 794 109 872 κως
136 791 191 858 καὶ
221 792 449 880 τεθραμμένος
479 786 607 874 ἀδόξως
629 793 692 865 ,καὶ
725 788 878 882 λαμπρόν
906 787 1017 862 οὐδὲν

45 888 301 981 ἀποδειξάμενος
324 889 404 962 ούτε
427 890 510 960 κατὰ
534 893 699 982 πολέμους
722 889 799 962 ούτε
823 896 860 962 ἐν
883 891 1012 984 εἰρήνη,

16 990 126 1061 αάλλά
143 994 200 1062 καὶ
218 995 296 1080 περὶ
318 996 387 1064 των
405 991 552 1082 ἐσχάτων
575 991 828 1082 κινδυνεύσειν,
854 990 898 1075 ὥς
918 996 1014 1064 ίστα-
1131 992 1135 1000 ’

46 1091 163 1175 σιακύς
181 1091 248 1182 τὴν
271 1092 370 1166 πόλιν
389 1096 444 1163 καὶ
463 1098 597 1165 πολλῶν
621 1091 706 1186 αὐτῇ
730 1099 844 1165 κακοῖν
867 1092 1014 1185 γεγονώς
1137 1138 1145 1188 ‚i

48 1206 154 1277 αίτιος.
190 1198 399 1285 ἐνθυμηθεὶς
423 1194 465 1285 δὴ
486 1194 549 1267 ὅσα
572 1195 635 1287 χρὴ
652 1198 763 1285 λέγειν
785 1225 821 1267 τε
838 1199 896 1267 καὶ
913 1195 1014 1287 πράτ-
1033 1218 1071 1267 10
1138 1203 1141 1208 ’

47 1325 113 1367 τειν
147 1300 206 1368 καὶ
240 1297 322 1386 μετά
353 1301 421 1367 τάν
457 1294 697 1388 συναρχόντων
731 1296 1013 1387 βουλευσόμενος,
1149 1310 1155 1314 ”

49 1398 158 1487 ἐπειδὴ
187 1391 366 1480 κάκείνους
395 1406 492 1488 ἔσχεν
520 1396 774 1490 ὁμογνώμονας,
812 1397 934 1488 ἀνίστη
958 1400 1015 1469 καὶ

49 1497 142 1590 μικροὶ
160 1502 239 1588 περὶ
264 1505 322 1588 τῆς
339 1498 541 1591 κατεχούσης
563 1500 623 1571 τὸν
647 1505 753 1590 δῆμον
777 1497 914 1590 ἀτυχίας
931 1498 1015 1570 ἀπο-

51 1599 249 1691 δυρόμενος,
280 1600 358 1683 τούς
383 1630 418 1672 τε
442 1598 592 1682 ύπάτους
623 1600 804 1692 ἐπῄνεσεν,
834 1599 885 1672 ὅτι
915 1598 1016 1688 λόγον
1136 1673 1141 1682 ,

50 1698 191 1789 ἠξίωσαν
222 1701 384 1793 ἀποσχεῖν
415 1720 483 1785 τοῖς
516 1701 673 1793 δημόταις
709 1699 769 1794 ούχ
799 1697 1015 1792 ὑπεριδόντες
1034 1719 1070 1771 15
1142 1722 1144 1725 ·

52 1802 158 1874 αὐτῶν
175 1809 236 1892 τῆς
253 1804 505 1894 ταπεινότητος,
525 1807 667 1886 καὶτοῖς
686 1811 870 1895 πατρικίοις
889 1806 1016 1874 είδίναι
1136 1807 1142 1815 ’

51 1903 141 1997 χάριν
159 1915 303 1996 ἔφησεν,
329 1917 363 1977 εί
376 1936 424 1989 τις
443 1902 556 1988 αύτοῑς
575 1903 640 1996 ἤδη
658 1906 737 1978 ποτὲ
754 1909 893 1999 φροντίς
911 1907 1015 1998 είσέρ·

52 2036 135 2094 χεται
164 2012 225 2097 τῆς
252 2016 416 2100 σωτηρίας
446 2014 515 2079 τῶν
537 2006 706 2099 πενήτων·
739 2011 795 2080 καὶ
819 2015 866 2079 ἔτι
889 2011 1017 2099 μᾶλλον

52 2114 110 2197 ἔφη
132 2107 214 2198 μετά
238 2108 374 2180 πάντων
398 2107 679 2202 ἐκμαρτυρήσειν,
705 2110 763 2182 ίάν
785 2108 884 2200 ὅμοια
908 2106 1016 2199 παρά-
1146 2191 1150 2195 χ

53 2231 189 2298 σχωυται
206 2228 277 2292 τοῖς
296 2210 406 2300 λόχοις
423 2211 463 2281 τά
482 2219 571 2301 ἔργα.
1034 2227 1074 2275 20
1142 2214 1145 2267 ἶ

123 2312 286 2401 XXXHH.
327 2312 446 2384 Είπων
476 2314 513 2383 δὲ
542 2317 647 2382 ταῦτα
677 2314 733 2381 καὶ
763 2311 861 2394 δόξας
886 2313 1016 2432 μέτριρς

53 2408 154 2502 ὂργην
181 2415 268 2485 εἶναι
292 2418 348 2485 καὶ
372 2410 602 2493 διαλλακτικὸς
633 2415 823 2502 ἐπιστρέφει
852 2408 934 2502 πρός
958 2408 1018 2480 τόν
1137 2408 1143 2412 ’

54 2512 204 2603 Μύρτιον
227 2513 457 2606 παρεστηκότα
481 2532 550 2595 τοϊς
580 2510 720 2596 ύπάτοις
743 2516 799 2584 καὶ
826 2516 929 2601 λέγει
962 2511 1018 2583 Σύ

55 2614 138 2682 δε
104 2646 134 2685 τι
152 2616 215 2689 οὐκ
228 2614 378 2747 ἀπολοχη
390 2615 472 2706 πρός
489 2616 567 2697 τούς
585 2620 711 2687 σαυτοῦ
729 2623 876 2703 πολίτας,
895 2604 922 2683 τό
939 2642 1018 2704 γεν-
1153 2679 1155 2684 .

55 2734 138 2805 ναιε,
162 2744 202 2788 π
193 2709 286 2807 ρὶ
259 2748 307 2788 ων
326 2719 421 2799 ειπας
445 2721 538 2788 ἐν
498 2747 538 2809 τη
556 2722 679 2810 βουλη,
706 2722 832 2808 μαλλον
850 2713 1017 2787 δδιίουκ
1035 2732 1073 2781 25
1146 2770 1153 2802 3

55 2810 232 2907 ἀντιβολεις
250 2822 306 2890 καὶ
324 2846 467 2909 παραιτη
485 2816 542 2900 τάς
555 2814 657 2941 ὀργάς
670 2816 793 2908 αύτύν,
811 2824 868 2889 ἵνα
880 2845 1017 2907 μετριω

22 2920 148 3007 λοτίραν
173 2923 320 2991 ίπιθωσί
341 2945 392 2992 σοι
420 2928 554 3009 ζημίαυ;
583 2916 763 3011 ἀρνείσθαι
784 2921 846 3010 μὲν
868 2916 933 3008 γάρ
956 2913 1018 2986 ούκ

57 3009 95 3086 ἀν
111 3017 288 3113 ἀξιώσαιμί
302 3043 341 3091 σε
359 3020 527 3093 τοσούτων
544 3019 682 3146 ἀγδρῶν
700 3018 856 3107 εἰδότων,
874 3013 950 3089 οὐδ’
971 3025 1018 3099 είς

59 3112 291 3211 ἀναισχύντους
310 3120 534 3211 καταφεύγειν
553 3120 745 3212 ἀπολογίας,
763 3119 921 3212 Μάρκιον
937 3114 1019 3190 ύυτα

59 3222 107 3288 καί
129 3222 287 3350 φρόνημα
308 3218 464 3313 μεῖζον
444 3255 464 3315 η
489 3222 562 3294 κἰτ
592 3222 731 3313 ίδιωτην
754 3231 888 3313 ἔχοντα
921 3227 953 3292 εί
973 3248 1018 3309 μη
1037 3244 1074 3295 30
1150 3265 1153 3270 ,

59 3314 117 3406 ἀρα
133 3340 201 3406 τοίς
217 3321 355 3408 ύπάτοις
372 3329 428 3396 καὶ
444 3342 514 3407 τοίς
531 3333 716 3414 πατρικίοις
733 3329 841 3407 καλως
860 3330 926 3412 ἔχει
944 3328 1020 3391 πεί·
1142 3324 1155 3337 ”

60 3430 130 3491 δαν
158 3420 243 3517 ύπδρ
270 3433 331 3499 σοῦ
354 3426 413 3498 τὸν
437 3430 560 3517 δῆμον,
592 3429 645 3496 σοὶ
675 3421 775 3496 δὲ’
734 3454 798 3495 ουκ
821 3422 885 3515 ἀρα
908 3422 1019 3500 καλως

999 3744 1014 3804 ι
