2384 3850
116 85 130 111 ·-
365 16 379 31 ⁵
446 98 487 108 -
531 67 567 127 ιε
608 99 650 111 -
965 62 1029 127 223

67 258 192 321 σαντες·
246 240 303 308 καὶ
320 243 356 308 οί
370 239 525 330 πρέσβεις
545 236 802 329 ἐπιτυγχάνουσι
820 257 888 321 τοῖς
909 234 1026 310 Ούίευ-

67 358 172 424 τανοῖς
203 347 297 411 λείαν
333 344 370 410 ἐκ
393 345 450 427 τῆς
474 335 587 411 αύτολν
611 339 719 433 χώρας
743 336 871 430 άγουσι.
925 348 1027 412 ταῦτα

67 440 136 531 παρ’
159 438 272 513 αὐτῶν
288 438 310 529 ῆ
328 438 435 530 βουλῆ
449 448 607 531 μαθοῦσα
619 452 778 532 πολεμεῖν
789 469 825 512 τε
843 446 1029 531 ἐψηφίσατο

70 540 277 625 Οὐιεντανοῖς
317 546 373 613 καὶ
413 540 490 625 τούς
530 537 679 625 ύπάτους
713 541 920 633 ἀμφοτέρους
956 542 1029 626 ἐξά-

68 674 133 731 γειν
150 642 211 733 τῆν
229 642 396 734 στρατιάν.
451 648 580 733 ἐγένετο
598 646 661 735 μὲν
684 636 746 716 οὖν
769 648 929 737 περὶτοῦ
954 642 1064 732 δύγ-σι

68 775 160 833 ματος
183 742 383 835 άμφιλογία,
414 747 471 816 καί
495 748 612 817 πολλοὶ
637 736 724 834 ἦσαν
747 752 782 815 οί
802 742 862 818 τδυ
884 744 1030 836 πόλεμον

68 846 124 917 αύκ
147 852 264 930 ἐῶντες
291 850 445 937 ἐκφέρειν
467 854 524 937 τῆς
547 875 583 917 τε
615 854 814 937 κληρουχίας
843 842 1029 935 ὑπομιμνή-

69 969 195 1033 σκοντες
212 946 290 1031 τούς
315 947 533 1039 δημοτικούς,
556 937 596 1036 ῆς
620 978 664 1045 γε
680 952 830 1040 πέμπτον
852 954 923 1029 ἔτος
949 950 1031 1034 ἐφη-

18 1085 19 1088 “
70 1053 224 1140 φισμένης
240 1046 307 1121 ύπὸ
324 1058 385 1121 τοῦ
411 1057 592 1140 συνεδρίου
616 1053 698 1141 κενῆ
721 1048 957 1131 πιστεύσαντες
976 1053 1031 1119 ἐλ-

70 1158 135 1221 πίδι
157 1150 375 1241 ἐξηπάτηντο,
399 1153 456 1221 καὶ
478 1149 592 1223 κοινὸν
616 1149 860 1241 ἀποφαίνοντες
883 1148 1028 1239 πόλεμον
1049 1173 1080 1222 10

16 1260 100 1321 ιῑσσεί
113 1261 206 1344 κοινῆ
228 1251 386 1346 χρήσεται
403 1251 521 1344 γνύμη
545 1257 636 1323 πάσα
665 1260 835 1345 Τυρρηνία
859 1268 927 1335 τοῖς
951 1246 1030 1341 ὁμο-

71 1357 177 1425 εθνέσι
194 1358 378 1443 βοηθοῦσα.
412 1351 453 1425 ού
466 1353 533 1445 μὴν
551 1353 693 1445 ἴσχυσάν
711 1385 749 1445 γε
767 1360 802 1425 οί
812 1361 879 1424 τῶν
897 1374 1030 1423 στασια-

70 1463 151 1527 στῶν
168 1454 272 1547 λύγοι,
287 1452 361 1526 ἄλλ’
383 1454 530 1546 ἐκύρωσε
547 1458 604 1525 καί
621 1451 639 1525 ὁ
659 1460 761 1545 δῆμος
778 1454 815 1526 τδ
832 1460 889 1543 τῆς
907 1457 1031 1541 βουλῆς

72 1555 170 1649 δόγμα
187 1563 228 1649 τῆ
247 1563 400 1647 Σπορίου
423 1563 575 1647 Λαρκίου
593 1555 710 1647 γνύμη
729 1558 839 1627 τεκαὶ
862 1553 1030 1644 παρακλῆ·

72 1681 117 1728 σει
132 1656 348 1753 χρησάμενος.
385 1661 441 1730 καί
457 1655 539 1748 μετά
551 1655 644 1730 ταῦτ’
666 1661 783 1747 ἐξῆγον
796 1654 854 1738 τάς
872 1652 1031 1743 δυνάμεις
1050 1680 1081 1727 15

73 1758 247 1833 οίύπατοι·
266 1758 633 1852 στρατοπεδευσάμενοι
651 1760 689 1830 δὲ
702 1761 801 1850 χωρὶς
819 1753 973 1846 άλλῆλων
991 1752 1031 1826 ού

72 1862 193 1952 μακρὰν
211 1859 277 1935 άπὸ
290 1866 347 1952 τῆς
361 1860 489 1946 πόλεως
502 1864 558 1933 καὶ
569 1868 744 1952 μείναντες
757 1856 881 1954 ἡμέρας
895 1854 1031 1948 συχνάς,

73 1964 179 2054 ἐπειδὴ
195 1961 259 2036 ούκ
276 1962 458 2053 ἀντεξῆγον
475 1971 510 2036 οί
525 1968 676 2055 πολέμιοι
692 1961 749 2046 τάς
769 1961 939 2052 δυνάμεις,
953 1987 1031 2051 προ-

74 2065 286 2154 νομεύσαντες
310 2065 422 2138 αύταῖν
438 2071 497 2155 τῆς
514 2072 573 2157 γῆς
591 2063 675 2155 ὅσην
694 2063 855 2138 ἐδύναντο
873 2071 1032 2150 πλείστην

75 2161 195 2256 ἀπῆγον
213 2165 267 2240 ἐπ’
288 2179 383 2240 οίκου
400 2167 462 2257 τῆν
479 2167 647 2263 στρατιάν.
668 2165 748 2237 άλλο
768 2169 806 2237 δὲ
821 2170 875 2238 ἐπὶ
885 2171 942 2254 τῆς
955 2162 1029 2234 τού·
1048 2187 1080 2236 20

73 2294 134 2338 ταν
149 2269 307 2354 ὑπατείας
321 2269 427 2359 ’λόγου
445 2267 538 2354 ἄξιον
555 2265 658 2339 ούδὲυ
673 2266 834 2358 ἐπράχθη.
