2384 3850
282 57 634 161 '-.;H.'-*

29 261 118 356 ῦμοῖς
141 263 295 392 ἀπαητας
313 265 411 358 ὅμοια
433 271 620 398 γινώσκειν
636 277 713 364 περὶ
737 279 794 364 τῆς
820 279 898 366 ἐμῆς
916 298 1004 368 συμ-

31 371 158 492 φρρᾶς,
187 367 252 438 οῦκ
275 365 319 440 ἀν
340 365 620 461 ῦπελάμβανον’
602 393 748 464 αναγκαῑ
748 405 788 448 ον
814 378 901 447 εἶναι
924 383 1002 470 περὶ

9 467 137 556 ταύτης
159 467 419 560 ἀπολογείσθαι
448 473 699 564 ἐνθυμούμενος
724 475 827 565 66,‘
804 507 848 559 ας
867 483 904 549 ἐν
922 491 1001 550 πολ·
1097 561 1107 572 ..
1184 469 1185 522 3

31 580 101 651 λοῑς
125 573 182 640 καὶ
214 571 387 662 διαφόροις
411 570 533 663 ἤθεσιν
563 574 668 665 είκός,
700 578 791 648 εἷναί
809 607 968 700 waszo
951 577 1002 661 οἷς

31 669 280 761 παραστήσεται
311 672 460 757 θόξα”
417 703 495 745 ουτε
522 674 653 766 ἀληθὴς
680 677 759 748 οῦτε
784 671 1001 769 προσήκουσα
1035 708 1052 757 5

31 775 109 904 περὶ
128 777 227 862 ἐμοῦ,
252 773 297 856 ὥς
321 771 383 845 οῦκ
405 771 449 846 ἀν
471 773 549 865 ἀτερ
574 785 628 847 αίτ
630 787 682 859 ίας
706 777 855 868 ἀληθοῦς
873 783 928 850 καὶ
948 787 1002 850 βι-

32 880 129 954 καίας
153 872 292 962 ἐξήλασέ
312 905 353 965 με
373 905 390 946 ο
379 872 513 966 δῆμος
537 881 574 947 ἐκ
595 883 654 968 τῆς
672 885 850 968 πατρίδος,
876 879 1001 964 παντὸς

29 973 174 1062 μάλιστα
197 986 308 1065 ολομαι
337 972 410 1048 δεῖν
433 983 566 1066 πρώτου
588 977 674 1068 ὑπὲρ
704 984 763 1069 της
787 985 865 1070 ἐμῆς
888 987 1001 1071 φυγῆς

32 1079 71 1144 ἐν
88 1079 190 1170 κοινῷ
213 1074 295 1166 πρός
312 1075 461 1160 ἅπαντας
483 1075 570 1168 ῦμάς
592 1076 877 1170 ἀπολογήσασθαι.
923 1081 997 1152 ἀλλ’

29 1173 224 1264 ἀνάσχεσθέ
237 1187 314 1267 μου,
333 1178 415 1269 πρός
432 1185 536 1268 θεῶν,
556 1183 612 1250 καὶ
630 1188 665 1251 06
680 1181 839 1270 κράτιστα
857 1183 998 1272 ἐγνωκό·
1018 1211 1051 1259 10

29 1306 96 1365 τες,
115 1273 137 1345 ἀ
154 1281 311 1363 πέπονθα
328 1275 394 1350 ῦπό
411 1284 481 1351 τοῖν
498 1285 631 1371 ἐχθρῶν
645 1285 700 1352 καὶ
716 1281 760 1363 ὡς
773 1282 815 1353 06
830 1282 1001 1372 προσῆκόν
1067 1357 1073 1369 ,

30 1407 89 1467 μοι
106 1376 227 1466 ταύτης
245 1387 449 1471 πεπείραμαι
465 1385 523 1470 τῆς
539 1381 641 1472 τύχης
660 1386 855 1473 διεξῐόντος,
880 1387 935 1455 καλ
953 1385 997 1474 μὴ

30 1478 196 1570 πρότερον
217 1493 355 1552 ποθεῖτε
378 1481 397 1552 6
419 1511 451 1552 τι
468 1481 530 1572 χρὴ
554 1482 713 1573 πράττειν
735 1481 894 1575 ἀκοῦσαι,
919 1489 1000 1572 πρὶν

27 1576 145 1663 ὁποῖός
161 1609 211 1662 τις
235 1585 302 1671 είμὶ
323 1581 342 1652 6
364 1580 427 1670 τὴν
450 1581 587 1707 γνώμην
611 1579 869 1672 ἀποδειξάμενος
893 1583 1000 1666 ἑξετά·

29 1701 96 1751 σαι.
131 1689 223 1752 ἔσται
242 1684 279 1752 βε
296 1683 460 1773 βραχῦς
445 1713 463 1754 ο
482 1681 618 1773 περὶ’
577 1689 705 1772 αυτιῦν,
730 1681 794 1754 κάν
817 1682 999 1772 πρόσωθεν
1018 1710 1052 1758 1⁵

28 1781 190 1872 ἄρξωμαι,
207 1781 311 1872 λόγος.
336 1779 504 1877 Ῥωμαίηις
522 1813 558 1854 το
545 1784 634 1874 μὲν
649 1782 714 1868 ἐξ’
695 1789 798 1875 αρχῆς
815 1791 999 1875 πολίτευμα

28 1875 74 2006 ην
90 1881 206 1974 μικτόν
225 1890 262 1955 ἔκ
278 1913 315 1955 τε
332 1893 504 1973 βασιλείας
522 1888 575 1960 καί
590 1882 857 1978 ἀριστοκρατίας
886 1894 999 1957 ἔπειτα
1112 1974 1114 1979 ,

26 1981 47 2054 6
67 1995 256 2068 τελευταῖος
273 1986 433 2074 βασιλεῦς
456 1987 642 2077 Ταρκύνιος
658 1987 898 2080 τυραννίδα
861 2017 924 2077 την
940 1987 999 2109 ἀρ

28 2084 93 2209 χὴν
110 2082 206 2174 ἠξίου
229 2106 347 2158 ποιεῖν.
392 2087 573 2170 συστάντες
596 2080 659 2159 οῦν
684 2088 735 2159 ἐπ’
763 2086 867 2159 αὐτόν
890 2095 925 2159 06
939 2096 999 2208 της

9 2186 283 2309 ιάριστοκρατίας
301 2184 473 2278 ἡγεμόνες,
493 2190 703 2317 ἐκείνουμβν
682 2192 981 2277 ξέβαλοιθέκ
940 2219 998 2277 της
1016 2213 1051 2261 κο

27 2286 175 2377 πόλεως,
207 2288 303 2360 αὐτοὶ
331 2289 433 2359 66
397 2319 439 2360 τα
467 2287 564 2361 κοινά
591 2292 752 2378 κατέσχον
779 2288 919 2378 ἀρίστην
942 2294 997 2358 καὶ
1045 2298 1050 2306 ’

26 2388 312 2479 σωφρονεστάτην
336 2389 381 2471 ὦς
404 2389 548 2472 ἅπαντες
571 2385 771 2479 ὁμολογοῦσι
795 2388 999 2477 καταστησά-

26 2518 127 2579 μενοι
157 2499 340 2561 πολιτείαν.
392 2488 530 2581 χρόνοις·
554 2491 592 2560 66
616 2488 657 2559 06
682 2498 818 2569 πολλοῖς
842 2492 910 2557 τοῖν
933 2494 999 2559 νῦν

27 2589 205 2681 πρότερον,
223 2590 308 2661 ἀλλά
325 2598 438 2681 τρίτον
455 2586 476 2680 6
493 2594 650 2682 τέταρτον
666 2594 764 2660 τοῦτο
782 2598 869 2677 ἔτος,
889 2595 924 2660 οί
938 2616 999 2659 πε-

27 2694 187 2761 νέστατοί
208 2721 244 2763 τε
274 2695 330 2762 καὶ
361 2689 536 2781 ἀργότατοι
565 2698 634 2762 τοῖν
664 2694 810 2761 πολιταῖν
841 2707 999 2781 πονηροῖς
1017 2712 1051 2762 25

28 2790 234 2905 χρησάμεηοι
263 2792 463 2882 προστάταις
493 2792 579 2863 ἀλλα
607 2821 643 2863 τε
669 2790 774 2862 πολλοὶ
807 2790 998 2883 ἐξύβρισαν,

29 2897 86 2963 καί
109 2888 332 2977 τελευτῶντες
356 2890 535 2964 καταλύειν
557 2890 620 2984 τὴν
642 2890 898 2984 ἀριστοκρατίαν
922 2897 1001 2962 ἐπε-

29 3002 175 3083 χείρουν.
205 2992 260 3083 ἐφ’
279 2992 369 3076 οἷς”
346 3022 490 3076 απαντες
507 3026 530 3085 μ
532 2996 569 3065 66
585 2942 670 3065 66
631 3022 689 3092 της
702 2996 826 3081 βουλῆς
840 3014 1000 3080 προεστη-

30 3094 125 3176 κότες
142 3092 306 3185 ἤχθοντο,
331 3093 429 3166 καλ”
409 3114 499 3177 οπως
517 3093 710 3165 παύσωνται
735 3097 793 3183 τῆς
817 3090 1002 3182 ῦβρεωςοί

30 3199 203 3278 κινοῦντες
220 3226 284 3321 την
301 3204 472 3267 πολιτείαν
489 3213 628 3266 σκοπεῖν
641 3192 696 3283 ἠξί
695 3224 766 3265 ουν.
795 3190 915 3282 ῦπλρ“
894 3222 999 3265 απαν-
1017 3216 1052 3265 30

29 3325 86 3377 τας
101 3298 140 3369 66
152 3298 230 3380 τοῦς
243 3295 545 3389 ἀριστοκρατικούς,
561 3301 597 3366 ἐκ
610 3298 729 3385 μὲν
685 3325 752 3367 των
763 3297 1001 3387 πρεσβυτέριον

21 3391 163 3481 Ἀππιος
192 3398 279 3491 ἀνὴρ
311 3403 445 3470 πολλῶν
467 3396 556 3483 ἀξιος
580 3401 679 3467 ἕνεκα
703 3401 930 3483 ἐπαινεῖσθαι,
963 3400 1001 3464 ἐκ
