2384 3850
537 95 737 156 -ρ-

150 269 336 361 στεφάνοις.
351 259 430 360 999'
445 262 1128 392 ὁκράτιστακάντωνάχωνίσασθαιδόξας

150 376 206 444 καὶ
226 370 430 465 τρεψάμενος
447 369 510 460 τὴν
525 366 742 442 Οὐιεντανῶν
761 367 907 458 δύναμιν
922 374 1129 458 Σερουίλιος
1186 392 1188 427 ι

150 473 167 546 9
186 503 231 570 τῳ
217 471 436 600 προτέρῳ’
417 469 607 554 νπατεύσας
624 480 691 542 ἔτει
708 467 818 543 καὶ
781 499 844 559 την
861 474 916 541 ἐπὶ
932 499 996 540 του
982 467 1130 558 ’δήμου

152 545 281 666 99999'
264 573 461 666 ακοφυγῶν,
481 570 740 665 πρεσβευτηᾘ
701 601 777 644 τοτε
789 601 836 666 τω
820 568 1031 666 Ούαλερίςο
1048 592 1131 658 συμ-

106 703 135 750 ο
153 680 338 770 πεμφθεὶς,
357 679 413 748 καὶ
432 678 485 746 ἐπὶ
503 705 544 799 τη
529 673 715 798 ἀριστείᾳ
731 680 813 766 τῇδε
829 671 888 756 τάς
905 666 1188 762 νομιζομέναςΙ
1186 712 1188 745 ι

152 780 239 852 εἶναι
268 787 425 869 μεγίστας
455 776 546 870 παρὰ
565 771 734 867 Ρωμαλοις
742 774 886 900 δωρεάς
913 766 1018 857 οὗτος
1044 804 1092 863 ην
1115 802 1132 842 ο
1186 768 1188 849 9

150 889 280 974 πρῶτος
299 878 565 970 ἐξενεγκάμενος
592 876 674 969 μετά
692 907 797 949 ταντα
820 877 899 960 τούς
922 905 960 949 τε
975 881 1055 948 τῶν
1073 902 1132 946 πο

150 991 276 1073 λεμίων
294 980 481 1064 σκυλεύσας
499 978 640 1070 νεκρούς
663 1009 681 1050 ο
699 1007 825 1061 υπατος
849 981 906 1049 καὶ
928 984 998 1050 τῶν
1029 985 1133 1049 ἰδίων

149 1082 257 1172 ταφάς
275 1081 512 1172 ποιησάμενος,
533 1085 627 1171 ἐξῆγε
643 1079 706 1170 τὴν
723 1078 882 1172 στρατιάν
898 1084 956 1152 καὶ
978 1086 1133 1170 πλησίον
1141 1095 1188 1155 1899

103 1207 135 1257 10
152 1191 210 1273 τῆς
238 1182 454 1254 Οὐιεντανῶν
484 1183 612 1266 πόλεως
641 1182 878 1305 καταστήσας,
899 1179 1131 1275 προύκαλεῖτο
1186 1238 1188 1243 .

151 1283 228 1368 τούς
246 1291 356 1358 ἔνδον.
384 1280 428 1368 ῶς
455 1283 485 1356 δ’
506 1282 621 1366 ούδελς
639 1283 725 1376 ἐξῄει
749 1282 976 1409 μαχησόμενος
995 1311 1133 1373 απορον
1186 1312 1187 1389 9

151 1383 242 1480 ὁρῶν
271 1391 380 1492 χρῆμα
416 1391 453 1458 ἐκ
483 1394 710 1507 τειχομαχίας
722 1382 844 1469 αύτούς
876 1389 967 1457 ἑλεῖν
998 1381 1130 1476 ἐχυράν
1186 1392 1187 1397 ’

151 1487 285 1580 σφόδρα
302 1487 437 1580 ἔχοντας
455 1487 555 1560 πόλιν
564 1493 651 1578 ,τῆς
668 1493 729 1576 γης
748 1484 862 1559 αύτῶν
873 1486 1003 1576 πολλὴν
1022 1514 1129 1557 κατα·
1186 1498 1188 1511 “

154 1591 292 1714 δραμών
320 1599 366 1674 εἰς
391 1591 453 1682 τὴν
477 1595 641 1679 Σαβίνων
671 1593 819 1678 ἐνέβαλε.
855 1587 1065 1679 λεηλατήσας
1090 1562 1188 1657 δὲ

102 1713 135 1765 15
152 1689 313 1782 κάκείνην
331 1699 380 1764 ἔτι
396 1689 554 1784 ἀκέραιον
571 1680 679 1762 ούσαν
697 1694 752 1762 ἐπὶ
770 1688 934 1772 909999‘
917 1693 1045 1781 ημὲρας
1070 1689 1128 1760 καὶ
1179 1698 1187 1785 j

152 1801 295 1918 βαρεῖαν
319 1791 384 1884 999
409 1793 472 1884 τὴν
495 1790 687 1882 ἀποσκευὴν
718 1800 805 1883 ἔχων
832 1809 905 1874 ταῖς
932 1788 1125 1881 ὠφελείαις,

151 1893 282 1985 ἀπῆγεν
301 1892 353 1967 ἐπ’
367 1907 468 1979 ,οῖ’κου
479 1895 542 1986 τὴν
554 1893 715 1986 δύναμιν
734 1892 845 1965 καῖ’
805 1898 896 1990 αυτῶ
908 1893 926 1965 9
937 1894 1001 1986 μὲν
1018 1899 1124 1983 δῆμος
1186 1892 1187 1938 9

152 1996 217 2086 πρὸ
235 2002 360 2067 πολλοῦ
378 2001 436 2085 της
454 1995 581 2080 πόλεως
599 1994 675 2067 ὄντι
696 1999 967 2086 ἐστεφανωμένος
988 1992 1124 2086 ὑπήντα
1186 2071 1188 2076 ,

152 2104 349 2185 λιβανωτοῖς
367 2125 403 2167 τε
420 2102 556 2187 θυμιῶν
573 2095 635 2187 την
647 2096 797 2187 πάροδον
809 2100 865 2170 καὶ
884 2102 1046 2190 κρατῆρσι
1064 2124 1123 2187 με-
1186 2135 1187 2198 9

6 2218 17 2225 “
101 2222 135 2271 20
153 2196 311 2290 λικράτου
340 2204 554 2292 κεκραμένοις
583 2198 830 2324 ύκρδεχύμενος
852 2197 916 2289 τὴν
946 2198 1120 2291 στρατιάν·
1186 2261 1187 2286 3

151 2296 235 2428 9¹99
259 2302 365 2401 βουλὴ
389 2300 452 2392 τὴν
473 2304 534 2374 τού
557 2300 730 2392 θριάμβου
753 2302 892 2393 πομπὴν
924 2304 1121 2391 ἐψηφίσατο
1184 2339 1188 2358 ·

151 2432 169 2474 ο
156 2402 262 2474 ‘⁰99
243 2432 353 2496 ετερος
370 2409 439 2477 τῶν
451 2402 896 2499 ύπάτωνΓάιοςΝαύτιος,
884 2433 910 2474 ω
897 2394 1122 2494 προσέκειτο
1186 2431 1187 2512 9

151 2504 235 2576 κατδι
253 2504 411 2598 κλῆρον’
394 2536 415 2595 η
433 2510 501 2577 τῶν
519 2504 704 2596 συμμάχων
722 2513 879 2577 Λατίνων
896 2534 932 2577 τε
949 2499 1024 2576 καὶ
1023 2511 1122 2595 Ερνί-
1186 2537 1187 2552 ³

152 2634 222 2677 κων
233 2606 380 2696 φνλακη,
398 2610 611 2730 βραδυτέραν
630 2605 853 2697 ἐποιησατο
817 2636 880 2697 την
891 2609 1023 2690 ἔξοδον
1042 2603 1121 2678 οὔτε
1183 2589 1188 2618 ⁴

94 2726 134 2777 25
152 2703 332 2829 990999’
299 2707 376 2777 ούτε
399 2706 487 2778 ὅκνω
511 2714 571 2781 τοῦ
596 2707 760 2780 κινδύνου
783 2715 981 2800 κρατηθείς,
1005 2706 1117 2796 τὴνδ’
1186 2729 1187 2748 ’

152 2803 340 2933 ἀδηλότητα
362 2812 423 2879 τού
446 2808 528 2901 πρὸς
555 2806 783 2892 Οὐιεντανούς
799 2814 964 2900 πολέμου
978 2815 1119 2900 καραδο·
1129 2793 1187 2872 1341

152 2911 234 3000 κῶν,
252 2906 301 2983 ἵν’
321 2908 380 2981 ἐάν
398 2938 428 2980 τι
447 2914 559 3036 συμβῇ
567 2927 727 3033 πταῖσμα
743 2916 821 3002 περὶ
844 2941 906 3001 την
932 2915 1002 2983 ἐκεῖ
1023 2932 1119 3003 στρα·
1186 2995 1187 3000 9

152 3010 228 3083 τιάν
247 3016 283 3085 ἐν
303 3016 422 3107 ἑτοίμη)
439 3042 489 3096 τις
506 3010 641 3104 ὑπάρχη
658 3019 699 3104 τῇ
722 3012 818 3084 πόλει
840 3016 1035 3084 συνεστῶσα
1059 3010 1120 3083 δύ-
1186 3003 1187 3080 9

6 3178 8 3207 9
154 3140 269 3203 ναμις,
288 3112 310 3201 9
329 3114 472 3186 κωλύσει
489 3114 568 3195 τούς
586 3122 767 3205 πολεμίους
786 3122 834 3197 εἰς
850 3112 915 3203 την
931 3112 1102 3205 χῶρανέμ
1103 3158 1120 3165 -
1186 3147 1188 3165 ¹

7 3300 8 3303 ,
104 3235 137 3285 80
149 3222 289 3335 βαλεῖν,
316 3213 418 3283 ἐὰν
399 3215 509 3305 ω’σπερ
535 3221 570 3285 09
591 3215 755 3306 πρότερον
779 3214 957 3297 ἐλάσαντες
980 3213 1096 3286 ἐπὶ
1059 3245 1120 3305 την

6 3308 8 3321 '
149 3308 274 3403 Ρῶμην
293 3318 501 3403 ἐπιτειχίζειν
517 3314 592 3387 τινδ
610 3315 694 3387 κατὰ
710 3324 770 3406 τῆς
786 3316 915 3401 πόλεως
933 3322 1039 3408 χωρία
1053 3319 1119 3387 ἐκι-

155 3412 371 3500 βάλωνταιε2
370 3444 390 3485 ν
409 3417 446 3485 δὲ
462 3444 508 3509 τω
498 3414 649 3506 μεταξύ
667 3416 787 3489 τούτου
806 3418 915 3514 χρόνῳ
928 3422 984 3491 καὶ
1000 3419 1020 3489 9
1038 3416 1119 3489 κατά
1181 3375 1188 3516 9
