2384 3850
154 63 218 135 248
414 38 462 154 j
543 65 866 128 *0-‘

156 235 269 320 αὐτοῖς
295 241 507 328 ἐπιθεμένων
532 240 620 328 χειρὶ
643 233 707 307 οὐκ
730 233 827 326 ὀλίγη
858 238 914 306 καλ
944 243 991 320 είς
1022 244 1147 328 χωρία

142 341 307 432 Ιἐνέδραις
325 337 528 430 κατεχόμενα
545 337 781 428 ὑπαγομένων,
799 343 965 428 περιῆσαν
982 335 1147 428 ἀμφοτέ-

156 469 222 531 ρως
241 445 297 512 καὶ
315 441 459 524 πολλοὺς
478 438 619 532 νεκροάς
632 438 831 529 ποιήσαντες
848 436 1007 529 ἀσφαλῶς
1023 439 1143 530 ἀπήε-

157 565 223 616 σαν
242 551 288 626 είς
312 543 349 614 τὸ
372 551 505 634 χωρίον.
533 539 619 614 ὥστε
641 539 718 614 οὐδ’
743 539 844 632 ὁμόσε
866 559 990 632 χωρεῖν
1013 539 1174 623 αὐτοίςΙ

123 653 206 716 ὕέτι
225 649 260 716 οί
275 649 425 734 πολέμιοι
445 641 602 734 ἐτόλμων,
622 640 706 713 ἀλλά
723 643 885 735 τειχήρεις
908 647 1068 734 μένοντες
1092 645 1141 714 τὰ

154 745 261 819 πολλὰ
294 749 350 827 καὶ
382 749 577 828 κλέπτοντες
607 744 666 828 τὰς
696 743 831 829 ἐξόδους
854 750 1046 835 διετέλουν,
1074 749 1138 816 καί

155 846 254 938 ὁμέν
280 847 405 939 χειμών
429 853 555 930 ἐκεῖνος
579 845 684 929 οὕτως
704 846 866 918 ἐτελεύτα.

237 950 329 1018 XVI.
361 953 417 1044 Τῷ
434 951 471 1020 δὲ
484 948 627 1020 κατόπιν
650 955 715 1020 ἔτει
738 956 885 1020 Λευκίου
907 977 944 1020 τε
967 955 1137 1038 Αἰμιλίου

156 1052 211 1122 καὶ
236 1059 342 1142 Γαίου
368 1058 570 1142 Σερουιλίου
595 1047 658 1138 τήν
680 1045 846 1122 υπατείαν
870 1048 1134 1140 παρειληφότων

105 1161 138 1212 10
156 1148 328 1242 ἀπηγγέλη
356 1147 596 1241 Ῥωμαίοις,“
578 1180 629 1221 οτι
660 1148 868 1223 Οὐολοῦσιωι
895 1154 1031 1222 ααλΑί
984 1155 1132 1224 Αίκανοι

156 1251 333 1342 συνθήκας
363 1260 569 1384 πεποίηνται
604 1253 759 1341 στρατιὰς
801 1249 875 1324 κατ’
912 1249 1027 1326 αὐτων
1060 1249 1133 1342 ἅμα

157 1354 299 1445 ἐξάγειν,
317 1358 373 1426 καὶ
391 1351 432 1426 οά
453 1352 507 1426 διδ
525 1383 656 1445 μακρου
645 1353 764 1436 είς
728 1384 790 1444 την
803 1352 917 1444 χώραν
929 1359 1130 1444 ἐμβαλουσι·

156 1448 261 1526 καλ
238 1487 281 1546 ην
304 1454 417 1547 ἀληθή
439 1454 480 1528 τά
505 1455 677 1547 λεγόμενα,
709 1462 835 1528 θᾶττον
850 1461 936 1544 γοῦν
960 1453 981 1544 ή
1005 1480 1131 1547 προσε-

156 1556 239 1684 δόκα
257 1589 306 1642 τις
324 1557 508 1688 ἀμφότεροι
525 1556 583 1640 τάς
602 1557 762 1649 δυνάμεις
780 1565 910 1649 ἔχοντες
923 1555 1049 1650 ἐδήουν
1066 1560 1130 1647 τήν

105 1669 138 1720 15
156 1660 239 1732 κατὰ
259 1667 347 1750 σφᾶς
366 1665 499 1732 ἕκαστοι
516 1660 641 1752 χοόραν,
660 1689 706 1742 ως
722 1657 785 1750 οὐχ
809 1663 936 1731 ίιιανων
960 1663 1128 1750 ἐσομένων

150 1761 322 1852 Ρωμαίων
352 1793 398 1858 τφ
429 1789 465 1834 τε
500 1766 700 1855 Τυρρηνιιιω
727 1759 907 1856 πολέμμ’
889 1765 1041 1851 αντέχειν
1070 1791 1126 1832 και

155 1869 242 1955 σφᾶς
276 1864 443 1946 ἐπιόντας
449 1867 615 1955 δέχεσθαι.
644 1866 739 1935 καλ“
718 1891 825 1954 ετεροι
850 1853 952 1945 αὖθις
977 1861 1125 1953 ἥκοντες,

156 1970 455 2055 ἐκπεπολεμωσθαι
472 1965 555 2052 πρὸς
569 1962 692 2049 αάτοδς
710 1973 904 2057 Τυρρηνίαν
916 1963 1126 2055 ἀπήγγελλον

156 2065 240 2154 ὅλην
253 2069 308 2137 καὶ
321 2066 593 2158 παρεσκευάσθαι
608 2064 825 2149 Οὐιεντανοῖς
836 2066 955 2157 κοινὴν
965 2064 1125 2139 ἀποστέλ-

105 2177 138 2230 20
157 2176 229 2238 λειν
252 2177 452 2259 συμμαχίαν.
473 2172 665 2259 κατέφυγον
680 2168 745 2260 γάρ
763 2167 809 2252 ὡς
826 2164 947 2251 αότοδς
964 2166 1122 2240 ἀδόνατοι
1134 2188 1179 2239 171

154 2266 249 2352 ὅντες
277 2270 400 2355 ἐξελεῖν
428 2267 473 2342 δι’
495 2274 626 2343 ἕαυτων
654 2269 692 2341 τδ
719 2268 886 2361 φρούριον
911 2269 1121 2361 Οὐιεντανοί,

154 2380 353 2461 συγγενείας
371 2402 406 2444 τε
424 2371 734 2463 ὑπομιμνήσκοντες
751 2375 808 2442 καὶ
825 2379 941 2462 φιλίας
959 2376 1016 2443 καὶ
1026 2371 1122 2454 ὅσους

129 2556 131 2567 y
154 2472 225 2562 μετ’
247 2472 494 2565 αὐτοῖνήραντο
507 2478 671 2563 πολέμους
691 2474 883 2557 διεξιόντες·
901 2471 979 2545 ἀντὶ
989 2472 1122 2545 πάντων

156 2575 194 2644 δέ
220 2576 349 2647 τούτων
384 2574 552 2659 ἀξιοῦντες
583 2573 798 2668 συνάρασθαι
828 2582 926 2664 σφίσι
953 2578 1015 2647 τοῦ
1041 2575 1121 2646 κατὰ

103 2683 136 2733 25
151 2670 323 2764 Ῥωμαίων
341 2681 499 2766 πολέμου,
518 2672 563 2759 ὡς
581 2681 679 2765 σφων
696 2707 732 2748 τε
750 2680 1018 2767 προκαθημένων
1035 2688 1119 2767 Τυρ-

155 2784 273 2866 ρηνίας
303 2774 381 2866 ὅλης
412 2780 469 2847 καλ
495 2776 554 2849 τὸν
578 2775 725 2869 πόλεμον
753 2776 1037 2869 ἀνακωχευόντων
1063 2777 1120 2849 τόν

154 2875 219 2949 ἀπό
234 2873 356 2969 Ῥώμης
375 2881 493 2971 ῥέοντα
511 2878 594 2950 κατά
612 2878 750 2952 πάντων
766 2885 835 2952 τῶν
851 2876 1036 2970 ὁμοεθνῶν.
1064 2882 1118 2950 καλ

153 2984 189 3049 οί
215 2984 383 3070 Τυρρηνοὶ
411 2985 606 3063 πεισθέντες
635 2978 820 3072 ἀπέσχοντο
843 2984 988 3071 πέμψειν
1012 2979 1119 3063 αὐτοῖς

153 3079 237 3169 ὅσην
267 3079 383 3170 ἠξίουν
412 3092 612 3173 συμμαχίαν.
653 3088 757 3154 ταῦτα
786 3078 808 3171 ή
839 3080 946 3172 βουλή
968 3088 1117 3172 μαθοῦσα

102 3198 136 3247 30
155 3186 340 3271 ἐψηφίσατο
371 3184 509 3277 τρισσάς
538 3188 719 3275 ἐκπέμψειν
748 3183 923 3274 στρατιάς,
947 3186 1003 3254 καὶ
1026 3212 1117 3272 γενο-

153 3288 265 3373 μένων
285 3287 321 3355 ἐν
333 3284 424 3375 τάχει
437 3290 504 3358 των
518 3284 723 3376 καταλόγων,
737 3284 881 3369 Λεύκιος
894 3286 957 3376 μὲν
970 3292 1116 3374 Αἰμίλιος

155 3388 208 3455 ἐπὶ
244 3385 440 3476 Τυρρηνοδς
474 3382 647 3476 ἐπέμφθη·
684 3387 853 3479 συνήρατο
876 3384 911 3458 δ’
943 3384 1035 3480 αὐτῷ
1062 3389 1116 3476 τής
