2384 3850
532 110 575 122 ..
620 76 648 136 Θ
693 108 735 119 -
1187 110 1188 161 6

145 251 225 334 λούς
242 253 340 338 σφῶν
364 252 420 319 καὶ
446 244 597 336 άγαδούς
623 242 858 317 ἀπολωλεκότα
886 240 931 314 δι’
960 241 1188 368 άπειρίανῑῖλλ

144 358 205 425 τοῦ
223 366 437 441 στρατηγεῖν
456 352 513 420 καλ
530 346 614 471 άλλη
633 352 739 438 πολλῇ
754 353 951 438 βλασφημίᾳ
965 340 1055 415 μαλ’
1035 374 1120 433 aya·
1187 396 1188 413 ι

145 453 302 544 νακτήσει
325 449 527 577 χρησάμενοι
556 448 652 521 λύειν
671 449 729 572 τδν
752 447 881 539 χάρακα
900 442 994 517 κάλ’
975 445 1120 535 απάγειν

146 561 234 644 σφᾶς
252 562 300 637 εἰς
316 552 379 644 τήν
401 551 500 623 πόλιν
523 549 657 655 ἠξίουν,
694 545 738 633 εδς
758 546 819 639 ούχ
840 547 977 631 ἱκανούς
1004 552 1120 639 ἐσομέ-
1187 552 1188 647 ἠ

112 682 227 740 σνους
258 655 318 727 ἐάν
341 659 481 726 ἐπίωσιν
503 659 539 723 ολ
558 630 710 742 πολέμιοι
741 654 903 741 δευτέραν
937 649 1120 741 ὑπομεῖναι

146 758 265 849 μάχην.
319 759 376 827 καλ
406 734 483 827 ούτε
517 753 817 845 μεταδιδάσκοντος
851 756 1029 824 ἐπείθοντο
1059 756 1120 823 τοῦ

146 856 326 950 ἡγεμόνος,
351 854 430 928 οὔτε
454 853 707 947 ὀλοφυρομένου
725 856 822 925 καλλ
807 852 1014 937 ἱκετεύοντος
1038 862 1120 924 ἐπα·
1187 880 1188 923 ι

147 960 229 1051 σχόν
246 990 278 1031 τι
273 957 377 1083 πρός
396 958 455 1040 τάς
479 956 625 1049 δεήσεις,
649 954 727 1028 ούτε
750 952 887 1036 άπειλάς
911 952 1013 1027 κάλ’
992 954 1121 1026 αυατά-
1187 938 1188 983 ¹

148 1084 235 1148 σεις,
267 1058 367 1129 ὁπότε
395 1062 451 1129 καὶ
479 1057 615 1140 ταύταις
647 1057 821 1149 χρήσαιτο,
855 1054 901 1128 δι’
921 1055 1121 1159 εὐλαβείας

98 1189 131 1238 10
150 1160 356 1251 ἐλάμβανον,
379 1158 464 1231 άλλά
486 1160 583 1286 πρής
593 1157 725 1231 ἅπαντα
748 1144 990 1251 τραχυνόμενοι
1014 1163 1120 1229 ταύτα
1187 1164 1188 1233 ἶ

149 1268 313 1387 διέμεγου.
349 1259 583 1351 τοσαύτηδ”
565 1270 708 1352 αναρχία
726 1264 783 1332 καλ
800 1259 1047 1353 καταφρόνησις
1060 1265 1121 1332 τοῦ

147 1359 309 1455 ἡγεμόνος
322 1368 425 1435 πᾶσιν
443 1362 529 1447 ἕλ’
490 1368 603 1435 αυτῶν
620 1366 785 1456 παρέστη,
813 1360 897 1433 ὥστε
922 1365 998 1453 περὶ
1017 1365 1123 1452 μέσας
1187 1444 1188 1457 χ

148 1464 272 1549 νύκτας
303 1464 540 1549 ἐξαναστάντες
570 1462 630 1547 τάς
659 1494 695 1537 τε
722 1461 847 1554 σκηνάς
874 1471 975 1535 ἔλυον
997 1466 1054 1535 καὶ
1081 1462 1122 1535 τά
1187 1466 1188 1481 ³

148 1566 236 1640 όπλα
259 1565 494 1657 ἀνελάμβανον
524 1569 579 1638 καὶ
609 1566 687 1648 τούς
710 1571 914 1659 τραυματίας
940 1563 1123 1653 ἐβάσταζον

102 1694 135 1744 15
152 1666 294 1750 οὐδενός
311 1668 540 1751 κελεύσαντος,

226 1770 291 1840 llll.
319 1774 429 1840 Ταῦτα
446 1768 464 1840 6
480 1766 663 1859 στρατηγός
681 1769 803 1858 μαθὼν
820 1765 1020 1859 ἠναγκάσθη
1039 1772 1122 1839 πάσι
1187 1786 1188 1873 χ

151 1877 273 1945 δοῦναι
307 1870 344 1943 τὸ
379 1868 598 1962 παράγγελμα
639 1874 713 1962 της,
733 1869 866 1961 ἐξόδου,
912 1878 1025 1953 δείσας
1059 1868 1123 1960 τήν

149 1971 315 2097 άναρχίαν
342 1970 455 2044 αὐτῶν
479 1974 535 2041 καλ
559 1970 597 2044 τό
624 1971 762 2065 θράσος.
813 1978 849 2044 ολ
877 1975 914 2044 δέ
941 1969 1054 2061 ὥσπερ
1086 1977 1123 2043 ἐκ

149 2078 261 2162 φυγῆς
290 2068 538 2162 ἀνασωζόμενοι
572 2073 665 2163 τάχει
689 2079 818 2168 πολλῷ,
848 2073 1058 2146 συνάπτουσι
1082 2079 1123 2165 τῇ

99 2201 133 2250 νο
151 2173 246 2246 πόλει
263 2177 339 2266 περὶ
355 2173 415 2245 τόν
431 2172 568 2298 ὄρθρον.
605 2178 661 2246 καὶ
679 2205 712 2246 οι
705 2179 784 2246 ἐπὶ
802 2181 871 2246 τῶν
883 2179 1004 2266 τειχάν
1021 2173 1122 2264 άγνο-
1134 2198 1177 2248 174

149 2273 302 2366 ἠσαντες,
319 2273 371 2347 ὅτι
388 2266 543 2366 φίλιον
520 2307 564 2366 ην
575 2275 776 2368 στράτευμα,
791 2275 878 2348 οπλα
894 2308 913 2348 τ
916 2275 1123 2350 ’ἐνεδύοντο
1187 2335 1188 2364 3

150 2381 206 2450 καλ
229 2376 394 2498 άλλήλους
416 2376 623 2466 ἀνεκάλουν,
649 2407 670 2467 η
693 2408 712 2448 τ
751 2375 835 2468 άλλη
860 2378 972 2468 πόλις,
998 2378 1043 2460 ὡς
1068 2381 1124 2450 ἐπὶ

150 2483 307 2572 συμφορᾷ
324 2477 468 2602 μεγάλη,
491 2484 636 2570 ταραχῆς
656 2478 803 2568 ἐγεγόνει
821 2478 923 2570 μεστή
941 2484 997 2603 κριλ
1016 2478 1123 2570 θορύ-

149 2587 228 2667 βου·
273 2583 330 2650 καλ
364 2577 405 2652 ού
433 2578 596 2673 πρότερον
626 2576 776 2676 άνέῳξαυ
799 2579 912 2663 αύτολς
936 2579 994 2662 τάς
1012 2581 1124 2663 πύλας
1187 2585 1188 2620 λ

98 2705 132 2754 25
150 2686 185 2751 οἱ
199 2678 359 2769 φύλακες,
377 2676 399 2770 6
420 2682 505 2770 [ἕως]
525 2681 681 2773 λαμπράν
698 2711 734 2754 τε
752 2677 879 2774 ἡμέραν
891 2687 1055 2772 γενέσθαι
1067 2685 1123 2754 καὶ
1187 2773 1188 2780 χ

149 2785 348 2870 γνωσθῆναι
372 2779 408 2851 τδ
433 2789 561 2854 οἰκεῖον
590 2781 788 2874 στράτευμα.
843 2783 927 2856 ὥστε
962 2781 1047 2875 πρός
1082 2788 1125 2875 τῇ
1187 2787 1188 2822 ss

149 2879 361 2974 αἰσχύνη,
348 2881 391 2972 ἠν
415 2887 451 2953 ἐκ
475 2889 543 2954 τού
558 2894 755 2957 καταλιπεῖν
780 2883 839 2957 τόν
861 2885 990 3008 χάρακα
1018 2885 1121 3009 ἠνέγ-
1187 2917 1188 2986 χ

149 3013 262 3074 παντο,
281 2987 337 3056 καλ
354 2982 575 3056 κίνδυνον’
535 3014 576 3056 ου
593 2983 651 3058 τόν
672 2984 846 3109 ἐλάχιστον
869 2985 992 3069 αύτούς
1015 2984 1123 3110 6an-

151 3090 263 3176 ρίψαι,
294 3085 433 3169 σκότους
458 3083 624 3168 άπιόντας
635 3087 747 3158 διά
704 3118 766 3179 ,της
784 3086 978 3179 πολεμίας’
961 3087 1121 3170 ατάκτως.
1187 3099 1188 3104 ’

100 3209 133 3258 30
152 3183 231 3273 εἴγ’
254 3177 317 3254 οὖν
334 3190 432 3258 τούτο
450 3187 701 3278 καταμαθόντες
725 3196 760 3260 ολ
781 3194 932 3280 πολέμιοι
956 3193 994 3260 ἐκ
1017 3188 1123 3272 ποδός

150 3280 309 3354 άπιούσιν
343 3284 457 3366 αὐτοῖς
492 3285 746 3380 ἠκολούθησαν,
782 3287 940 3363 ούδεν
920 3321 963 3362 αν
994 3290 1137 3363 ἐκάλυ-

151 3393 211 3453 σεν
228 3381 363 3456 άπασαν
379 3383 644 3459 άπολωλέναι
608 3418 670 3477 την
694 3390 861 3480 στρατιάν.
897 3397 957 3482 τῆς
982 3393 1020 3462 δε
1044 3390 1121 3464 άλό·
1187 3391 1188 3400 “
