2384 3850
533 107 733 167 ..Θ-

152 281 271 400 ίερέων
281 305 318 349 τε
331 282 433 350 καλοί
419 278 638 351 ίωνοσκόιιων
649 277 1029 371 ἐπιθεσπισάντων,ε’ν’
1010 284 1128 374 ημέρᾳ

150 409 209 502 μιᾳ
195 377 479 465 τελεσθείσας’
460 380 525 453 υπό
549 385 619 454 τεόν
634 385 792 471 φυλετῶν
813 386 907 464 τέλος
929 391 1031 516 ἔχειν.
1063 385 1128 454 καὶ

150 471 239 570 ἦσαν
258 485 358 552 ἐκ
310 511 379 554 των
396 490 523 556 λοιπων
545 481 713 575 τεττάρων
737 484 970 576 δημόρχων’
933 513 968 556 οι
985 507 1126 557 συνεισ·

151 587 311 674 φέροντες
330 581 419 680 αύτφ
405 584 502 656 δύο
522 584 737 678 δήμαρχοι
704 615 765 658 τον
781 585 902 676 νόμον
921 583 982 668 ούς
995 609 1127 678 προσε-

117 705 133 754 5
150 684 383 777 ταιρισόμενος
403 684 624 758 έλαττόυων”
605 715 715 759 οντων
726 717 796 760 των
811 719 859 778 μη
847 684 980 760 ταότόι
998 696 1126 776 βουλο-

150 792 262 878 μένων
280 792 408 878 περιῆυ.
440 795 476 860 ol
493 785 525 859 δ’
543 787 665 860 ύπατοι
683 792 739 860 καί
756 788 779 879 ἡ
797 789 905 879 βουλὴ
922 793 979 860 καὶ
996 789 1126 872 πάντες

149 895 185 960 ot
207 895 374 981 πατρίκιοι
392 889 535 966 κωλύειν
559 895 755 983 ἐπεχείρουν
776 890 837 963 τόν
859 890 978 982 νόμον·
997 887 1126 981 ἆφικό-
1187 900 1188 903 ’

148 999 248 1080 μευοί
262 1019 299 1062 τε
312 992 395 1062 κατὰ
409 999 539 1083 πλῆθος
558 1000 606 1075 είς
622 991 686 1083 την
702 991 842 1087 αἰγοριὶν,
861 985 938 1084 ἕνῇ
955 1011 1126 1084 προεῖπον

150 1096 185 1162 οί
201 1091 363 1182 δήμαρχοι
376 1094 545 1186 κυρώσειν
556 1094 616 1166 τὸν
623 1093 734 1220 νόμον
746 1094 865 1188 ἡμέρη,
884 1093 1126 1178 παντοδαπούς

100 1212 132 1263 10
151 1197 295 1285 διῇλθον
312 1193 449 1285 λόγους,
473 1200 541 1266 τῶν
558 1225 594 1268 τε
611 1193 752 1268 ύπότων
767 1201 825 1268 καί
845 1225 916 1268 των
931 1195 1125 1287 πρεσβυτά-

149 1323 218 1366 των
236 1299 329 1366 έκ
289 1324 348 1384 της
366 1301 490 1388 βουλῆς
507 1299 564 1369 καὶ
581 1295 686 1370 ἄλλον
698 1299 822 1381 παντὸς
838 1298 904 1392 ὅτῳ
922 1302 1124 1423 βουλομένῳ

149 1387 193 1486 ἦν
210 1395 267 1480 τός
286 1396 426 1481 ἐνούσας
441 1404 477 1470 έν
493 1429 540 1494 τρι
558 1398 651 1494 νόμω
665 1401 846 1485 διεξιόντος
857 1397 1043 1481 ύτοπίαςῧ
1024 1430 1125 1472 αντι-

150 1498 373 1583 λεξάντωυόὲ
389 1529 460 1574 των
478 1500 660 1628 δημαρχων
677 1505 735 1573 καὶ
758 1494 860 1585 αὖθις
876 1531 946 1574 των
967 1497 1122 1591 ύπύτων,

149 1605 206 1672 καί
223 1604 318 1694 μέχρι
335 1607 463 1676 πολλοῦ
479 1608 537 1692 τῆς
554 1602 796 1694 ἁψιμαχίας
749 1635 819 1676 των
834 1601 943 1693 λόγων
955 1607 1123 1694 έκμηιιυν·

100 1719 131 1768 15
149 1710 279 1793 θείσης,
294 1707 426 1794 ἐκείνην
437 1706 500 1795 μὲν
510 1703 572 1795 τὴν
588 1711 768 1795 ἐκκλησίαν
782 1709 938 1778 διέλυσεν
951 1713 999 1787 είς
1011 1705 1123 1776 νύκτα
1134 1729 1189 1779 1850

150 1808 384 1894 συγκλεισθεὶς
396 1802 414 1876 ὁ
428 1805 554 1899 χρόνος.
574 1811 774 1899 προθέντων
788 1810 826 1880 δὲ
838 1807 942 1880 πόλιν
953 1811 1022 1879 τιύυ
1035 1813 1122 1898 δημ-

149 1903 262 1997 άρχων
286 1914 333 1989 είς
356 1915 471 1999 τρίτην
494 1905 623 2001 ἆγορίιν
643 1910 707 2001 τὴν
724 1915 888 2002 περὶτοῦ
913 1909 1019 2001 νόμου
1043 1909 1123 1981 όιύ-

149 2031 288 2095 γνωσιν,
299 2011 355 2077 καὶ
368 2010 592 2093 συνελθόντος
605 2020 654 2083 ἔτι
662 2020 817 2096 πλείονος
829 2020 877 2094 είς
888 2009 995 2102 αύτὴν
1004 2010 1119 2102 ὄχλου,

148 2106 185 2178 τό
203 2107 437 2199 παρακλήτων
454 2117 499 2206 τῷ
518 2116 669 2209 προτέρῳ
682 2118 810 2205 συνέβη
822 2118 984 2204 γενέσθω
996 2112 1117 2196 πόθος.

98 2236 131 2285 20
148 2215 246 2281 τοῦτο
271 2212 422 2284 συνιδών
445 2209 463 2285 ὁ
485 2213 635 2299 Πόπλιος
664 2224 751 2306 ἔγνω
775 2215 857 2308 μήτε
885 2233 956 2299 τοῖς
977 2211 1120 2297 ύπότοις

150 2315 340 2405 ἐπιτρέπειν
363 2322 411 2387 έτι
439 2321 500 2389 τοῦ
523 2316 630 2407 νόμον
653 2337 869 2410 κατηγορεῖν,
892 2314 976 2408 μήτε
998 2346 1120 2409 πατρι-
1188 2371 1189 2374 ,

148 2422 242 2498 κίους
269 2420 329 2488 ἐᾶν
349 2420 392 2508 τῇ
414 2425 613 2513 ψηφοφορίᾳ
637 2438 810 2510 παρεῖναι·
846 2416 928 2492 καθ’
953 2422 1120 2510 ἑταιρείας

149 2516 212 2607 γὰρ
231 2521 354 2591 ἐκεῖνοι
371 2521 427 2591 καί
446 2518 529 2591 κατὰ
545 2521 737 2611 συστροφὰς
754 2520 903 2611 ἅματοίς
918 2524 1049 2593 ἑαυτῶν
1059 2548 1119 2592 πε·

149 2616 263 2699 λύπαις
281 2617 344 2690 οὐκ
360 2618 487 2709 ὀλίγοις
505 2614 581 2695 ούσι
599 2620 708 2695 πολλοὶ
723 2627 809 2715 μέρη
825 2628 883 2716 τῆς
900 2622 1026 2715 ιἰγορᾶς
1035 2652 1119 2693 κατ-

98 2742 131 2790 25
150 2736 259 2808 εἰχον,
284 2720 530 2805 ἐπικελεύοντές
551 2754 587 2795 τε
604 2741 676 2807 τοῖς
693 2730 916 2816 κατηγοροῦσι
932 2730 994 2796 τοῦ
1009 2722 1118 2814 νόμον

149 2822 206 2892 καὶ
222 2827 535 2914 καταθορυβσύντες
551 2823 631 2909 τούς
647 2824 940 2917 ἀπολογουμένους
957 2828 1014 2899 καὶ
1030 2822 1117 2896 ἄλλα

85 2942 89 2949 “
148 2920 254 2995 πολλὰ
272 2921 472 3015 πράττοντες
490 2921 652 3017 ἀκοσμίας
673 2956 710 2999 τε
727 2932 784 3000 καὶ
801 2935 878 3019 βίας
899 2933 959 3018 τῆς
982 2933 1022 3001 ἐν
1042 2944 1116 3009 ταῖς

148 3024 274 3115 ψήφοις
291 3024 477 3119 μηνύματα

225 3126 392 3199 ΧΧΧΧΗ.
417 3125 552 3220 Ἐπέσχε
571 3132 610 3201 δὲ
626 3129 732 3203 αύτού
747 3131 790 3203 τὰ
807 3127 1102 3254 βουλεύματα
1035 3150 1141 3202 οντα

97 3247 132 3296 εο
149 3227 331 3318 τυραννικοὶ
351 3233 446 3320 ἑτέρα
463 3237 681 3321 συμπεσοῦσα
692 3231 857 3321 θεήλατος
875 3230 1043 3323 συμφοραί.
1061 3230 1118 3302 νό·

148 3348 205 3409 σος
232 3328 296 3420 γὰρ
319 3327 425 3418 ηψατο
450 3333 581 3422 λοιμικὴ
604 3337 664 3422 τῆς
692 3332 838 3426 πόλεως,
868 3334 1091 3456 γενομένη
1055 3362 1117 3422 μεν

148 3431 205 3498 καὶ
222 3426 305 3499 κατὰ
321 3428 383 3518 τὴν
400 3426 506 3521 α”λλην
519 3429 673 3522 Ἰταλίαν,
691 3434 835 3524 μάλιστα
853 3437 891 3508 δὲ
903 3432 1118 3507 πλεονασασα
1126 3456 1190 3505 1857
