2384 3850
67 45 88 126 λ
448 121 716 197 -H-'

18 305 37 354 ²²
66 309 236 407 ἐπισήμοις
263 307 408 399 ἀνδράσι
430 317 511 381 θεία
538 338 587 391 τις
618 314 826 381 ἐναντιοῦται
854 314 987 401 νέμεσις
1011 308 1033 403 ἢ

64 410 195 534 φθόνρς
210 442 260 493 τις
278 410 493 501 ἀνθρώπινος
517 420 669 530 πολεμεῖ·
643 402 793 481 ῑκαὶ
771 440 815 499 ην
833 410 897 502 ἀρα
915 413 1033 503 μάντις

66 510 235 603 ἀληθὴς
211 542 257 598 ως
274 512 400 603 μήποτε
417 510 541 603 όφελον
563 516 633 583 τῶν
657 516 899 603 ἐκβησομένων.
934 545 1033 605 κατη-

66 613 231 703 γωνίσατό
257 643 297 703 γε
319 605 382 686 οὖν
409 636 450 700 σε
478 612 584 695 πολάς
613 612 838 705 ἐπιρράξας
820 643 839 684 ο
864 616 1034 700 πολιτικὸς
1179 698 1180 707 2

66 714 193 804 φθόνος
215 718 273 787 καί
295 712 490 807 ἀνήρπασεν
514 720 551 798 ἐκ
572 720 631 805 τῆς
649 722 824 807 πατρίδος’·
852 712 870 787 ὁ
895 718 933 787 δὲ
950 718 1033 807 μετά
1067 741 1085 789 5
1179 726 1180 765 3

65 817 168 887 ταῦτά
190 847 256 907 μου
282 825 371 906 βίος,
403 825 435 890 εί
452 816 494 906 δη
517 819 575 887 καὶ
599 824 676 905 βίον
700 816 804 889 αὐτόν
828 823 883 888 δεῖ
904 828 1038 909 καλεῖν,

66 915 126 1007 ἀφ’
143 910 185 989 οὗ
200 946 243 1009 με
265 917 457 990 καταλιπων
480 927 604 1013 έρημρν
627 922 756 991 έπὶῑ
703 936 756 991 τοί
756 949 773 1001 ς
790 925 890 991 παιδί
875 927 936 1001 ίοις
953 918 1032 991 τοό-

66 1048 133 1103 τοις
149 1016 283 1109 ἀπῆλθε
283 1050 318 1107 ς,
344 1024 382 1091 ἐν
404 1017 512 1113 τούτῳ
537 1019 766 1109 δεδαπάνηται
789 1051 839 1146 τῳ
826 1020 958 1145 ῥόπρι
976 1026 1034 1093 καὶ

69 1125 103 1190 έν
119 1138 186 1204 τοῖς
203 1129 383 1212 πενθίμοις
395 1120 531 1211 τρνχεσι
542 1150 679 1203 τουτοις
707 1118 791 1195 ἀνθ’
811 1114 860 1194 ἀν
873 1119 1033 1195 ἀπάντων

18 1242 60 1293 ειν
68 1251 190 1311 ταυτην
206 1221 337 1294 ἀπαιτῶ
355 1245 394 1294 σε
411 1222 526 1315 χάριν,
544 1226 711 1312 μηδέποτέ
727 1247 779 1295 σοι
797 1232 930 1355 βαρεῖα
934 1254 1032 1313 γευο-
1050 1248 1085 1297 10

68 1328 148 1413 μένη
164 1323 244 1413 μηδ’
266 1324 362 1406 είς
330 1354 389 1398 του
407 1322 524 1396 λοιπόν
542 1328 682 1415 ἐσομένη
699 1323 822 1416 χρόνον
840 1332 902 1409 ἕως
915 1322 958 1397 ἀν
976 1332 1031 1415 ζῶ,

70 1431 285 1515 διαλλαγῆναι
308 1424 392 1517 πρός
421 1422 498 1507 τούς
527 1432 670 1497 σεαυτοῦ
698 1435 835 1509 πολίτας
860 1426 926 1517 ἤδη
953 1429 1033 1498 ποτὲ

69 1529 122 1596 καὶ
145 1526 342 1599 παύσασθαι
370 1527 431 1598 τόν
460 1526 652 1617 ἀμείλικτον
682 1526 782 1616 χόλον
812 1526 1031 1617 φυλάσσοντα

15 1669 16 1672 ¹
70 1627 147 1698 κατά
163 1632 222 1717 τῆς
239 1637 415 1720 πατρίδος·
441 1626 556 1699 κοινόν
578 1627 711 1717 ἀγαθὸν
734 1624 933 1719 ἀμφοτέροις
950 1624 1033 1717 ἡμῖν

70 1727 203 1812 ἀξιοῦσα
221 1737 339 1818 λαβεῖν
356 1728 492 1802 καὶούκ
510 1733 653 1821 ἐμαυτῆς
672 1735 760 1801 ίδιον
778 1728 890 1819 μόνης.
925 1738 982 1800 σοί
996 1758 1032 1801 τε
1051 1752 1083 1801 15
1179 1740 1180 1747 ’

71 1828 145 1924 γάρ,
176 1828 236 1901 ἐάν
258 1838 414 1924 πεισθῇς·
430 1835 487 1903 καὶ
509 1833 620 1921 μηθέν
648 1828 834 1920 ἀνήκεστον
858 1830 1032 1924 ἐξεργάσῃ,

71 1932 220 2025 καθαράν
236 1937 294 2004 καὶ
311 1931 473 2023 ἀμίαντον
492 1941 580 2024 ἔχειν
605 1932 812 2024 συμβήσεται
835 1931 897 2023 τὴν
919 1933 1034 2025 ψυχὴν
1068 1997 1070 2000 .

69 2030 131 2104 ἀπό
154 2034 280 2116 παντὸς
302 2034 404 2125 χόλου
426 2038 482 2106 καὶ
506 2032 714 2126 ταράγματος
738 2043 939 2126 δαιμονίου
961 2040 1037 2125 ἐμοί

70 2163 104 2205 τε
119 2133 139 2224 ἡ
156 2135 247 2227 παρά
264 2165 332 2207 τιον
349 2140 495 2219 πολιτῶν
517 2139 626 2208 τεκαὶ
644 2144 827 2210 πολιτίδων
849 2167 927 2246 τιμη
946 2136 1033 2228 ζάση
1179 2227 1180 2232 ¹

73 2265 104 2306 τε
130 2241 438 2363 παρμκολουθοῦσα
467 2247 544 2326 βίον
576 2234 761 2328 εὐδαίμονα
791 2218 939 2327 ποιήσέι,
976 2241 1033 2308 καὶ
1050 2259 1084 2308 20
1179 2243 1180 2300 ἒ

70 2336 147 2424 μετὰ
171 2339 236 2427 τὴν
258 2337 418 2428 τελευτὴν
440 2335 668 2428 ἀποδιδομένη
692 2337 846 2462 καθάπρρ
872 2335 1011 2420 είκὸς’
979 2337 1033 2408 εό-

73 2447 180 2511 κλειαν
194 2436 369 2512 ἀθάνατον
386 2453 479 2512 οίσει.
513 2444 570 2512 καὶ
588 2451 622 2511 εί
635 2468 684 2520 τις
702 2435 767 2529 ἀρα
783 2439 841 2522 τάς
860 2436 1034 2528 ἀυθρωπί·
1060 2461 1070 2470 ’

72 2568 128 2620 νας
159 2539 269 2632 ψυχάς
305 2538 533 2623 ἀπολυθείσας
566 2543 629 2613 τοῦ
657 2540 808 2632 σώματος
835 2536 1034 2623 ὑποδέξεται

74 2638 180 2732 τόπος,
210 2641 272 2733 οὐχ
296 2639 314 2714 ὁ
337 2641 559 2734 καταχθόνιος
583 2638 684 2714 ταδ’
664 2642 814 2734 αφεγγης
836 2638 1034 2725 ἀποδέξεται

74 2741 128 2830 τὴν
144 2742 240 2836 ἐμήν,
259 2735 341 2816 ἐν
314 2774 340 2840 ῳ
357 2767 441 2834 φασι
458 2744 535 2828 τοὺς
552 2729 798 2834 κακοδαίμονας
815 2753 933 2835 οἰκεῖν,
952 2740 1034 2814 οὐδε
1051 2765 1086 2814 25

75 2841 105 2911 τό
121 2844 302 2935 λεγόμενον
318 2875 377 2935 της
384 2845 503 2938 Ληθης
519 2838 650 2936 πεδίον,
667 2842 779 2916 ἀλλ’
764 2876 783 2917 ο
799 2850 963 2938 μετέωρος
978 2849 1034 2915 καὶ

76 2943 215 3064 κπθαρός
238 2945 403 3039 αίθήρ,ἐ
404 2978 425 3018 ν
449 2977 476 3042 ῳ
464 2939 639 3029 τοάςέκ
655 2951 758 3022 θεων·
773 2947 903 3037 φύντας
926 2950 1034 3017 οίκεῖν

77 3043 163 3134 λόγος
193 3046 379 3139 εὐδαίμονα
408 3051 466 3120 καὶ
494 3047 660 3140 μακάριον
691 3057 826 3140 ἔχοντας
856 3056 948 3137 βίον·
984 3043 1036 3128 οἷς

22 3159 70 3211 1630
78 3150 311 3236 διαγγέλλουσα
332 3150 369 3221 τὸ
394 3149 455 3221 σδν
479 3147 616 3240 εὐσεβές
639 3153 697 3221 καὶ
720 3147 779 3232 τάς
803 3149 863 3232 σάς
886 3149 1034 3241 χάριτας,

78 3243 123 3328 αἶς
139 3246 245 3340 ιιάτὴν
263 3251 465 3342 ἐκόσμησας,
489 3249 545 3324 ἀεί
566 3279 659 3334 τινας
683 3249 858 3340 αίτησεταί
873 3271 926 3322 σοι
944 3247 1036 3339 παρά
1052 3271 1087 3319 30
1179 3329 1180 3338 ρ

79 3353 160 3420 θεῶν
176 3347 317 3441 ἀμοιβάς
334 3352 446 3435 καλάς.

145 3452 223 3522 LI-ll.
244 3452 324 3524 Ἐάν
343 3456 381 3525 δὲ
399 3459 652 3555 προπηλακίσῃς
668 3449 729 3539 τὴν
747 3452 892 3520 σεαυτοῦ
909 3452 1035 3538 μητέρα
