2384 3850
17 6 272 161 *F
432 117 637 178 -H,-

61 288 211 379 ἀγαθοῖς,
230 285 305 360 ἄλλ’
325 287 519 380 ὀργιεῖσθαί
534 310 588 359 σοι
605 291 663 359 καί
680 285 941 381 ἀγανακτήσειν,
962 292 1021 363 ἐὰν

60 391 100 481 μὴ
115 394 169 462 καλ
187 391 299 481 τὸτῆς
317 397 476 482 πατρίδος
495 386 577 481 αἷμα
594 406 667 472 ταῖς
685 393 801 481 χερσὶν
819 389 933 463 αὐτῶν
952 397 1021 464 ε’πι-

58 500 207 585 σπείσγς;
228 493 293 582 ἐγὼ
307 493 370 582 μέν
383 489 445 564 οῦκ
457 504 576 582 οίομαι.
597 488 646 574 εἷς
660 499 707 562 ἐτι
720 520 776 583 μοι
788 501 1020 564 καταλείπεται

58 593 146 684 λόγος
165 592 301 687 ίσγυρῦς
317 596 391 684 μέν,
412 592 471 666 ἐάν
489 598 636 688 λογισμῷ
650 600 768 685 κρίνης
782 591 899 682 αῦτόν,
919 593 1021 665 ἀσθε-

58 694 112 785 νὴς
129 700 183 787 δέ,
210 695 270 766 ἐάν
291 694 364 786 μετ’
391 691 511 788 ὀργῆς,
536 691 554 766 ὁ
572 698 650 786 περὶ
672 699 730 784 τῆς
754 690 794 766 οῦ
815 701 951 778 δικαίως
969 726 1021 786 μι·
1056 722 1071 770 5

58 802 215 888 σουμένης
237 795 304 869 ὑπὸ
329 800 393 868 σοῦ
415 802 584 888 πατρίδος.
630 794 709 867 οῦτε
732 795 796 889 γάρ
819 793 1020 886 ὑγιαίνουσα

58 901 170 993 καὶτῷ
187 906 316 992 πατρίῳ
334 897 447 993 κόσμῳ
471 901 714 987 πολιτευομένη
736 897 800 987 τὴν
824 895 866 970 οῦ
886 905 1021 972 δικαίαν

58 1000 133 1071 κατὰ
163 1006 225 1072 σοῦ
249 1008 367 1093 ’κρίσιν
392 999 584 1091 ἐξήνεγκεν,
616 997 701 1071 ἀλλὰ
731 1003 879 1072 νοσοῦσα
902 1003 959 1071 καλ
985 1006 1021 1073 ἐν

58 1106 162 1197 πολλῷ
177 1101 327 1182 κλύδωνι
345 1106 569 1192 σαλευομένη,
595 1098 675 1173 οῦτε
698 1100 810 1173 ἅπασα
834 1100 896 1191 τὴν
914 1099 1022 1192 αῦτην

57 1202 188 1294 γνώμην
209 1202 284 1275 τότε
301 1211 414 1294 ἔσχεν,
439 1201 524 1275 ἄλλα
549 1202 585 1275 τὸ
610 1201 727 1275 κάκιον
751 1199 899 1299 ἐναῦτῇ
922 1199 1020 1296 μέρος
1039 1230 1071 1278 10

17 1320 209 1398 λῖταονηροῖς
231 1304 430 1398 προστάταις
453 1304 673 1402 χρησάμενον.
720 1313 752 1376 εί
769 1306 807 1375 δέ
826 1304 868 1395 δὴ
886 1305 932 1395 μὴ
949 1324 1019 1389 τοῖς

56 1416 222 1489 κακίστοις
235 1405 352 1497 μόνον,
371 1404 455 1477 άλλά
472 1410 529 1477 καὶ
546 1422 616 1489 τοῖς
634 1404 746 1487 ἄλλοις
761 1405 890 1478 ’άπασιν
910 1406 1019 1480 ἐδόκει

57 1512 163 1597 ταῦτα,
187 1511 243 1579 καὶ
262 1506 307 1589 ῦς
324 1506 365 1579 οῦ
383 1506 424 1578 τά
441 1507 601 1600 κράτιστα
619 1505 874 1596 πολιτευόμενος
892 1506 1033 1597 άπηλάη

57 1620 115 1698 δης
131 1606 193 1681 ὑπ’
213 1607 337 1699 αὐτῶν,
360 1608 435 1680 οὐδ’
457 1608 544 1681 οὕτω
562 1630 616 1680 σοι
633 1611 781 1698 προσῆκε
799 1625 1019 1698 μνησικακεῖν

57 1709 131 1800 πρὸς
148 1709 212 1801 τὴν
229 1714 374 1783 σεαυτοῦ
390 1717 544 1802 πατρίδα.
589 1719 726 1791 πολλοῖς
743 1707 807 1802 γάρ
827 1710 869 1799 δὴ
888 1712 943 1781 καλ
962 1707 1019 1780 άλ-
1038 1736 1071 1783 15

57 1820 119 1893 λοις
141 1817 210 1883 τῶν
233 1810 298 1883 άπὸ
322 1816 395 1883 τοῦ
407 1819 582 1901 βελτίστου
604 1816 872 1902 πολιτευομένων
893 1810 934 1882 τά
958 1838 1020 1883 πα·

58 1913 218 2005 ραπλήσια
235 1916 362 2005 συνέβη
380 1928 522 1987 παθεῖν’
541 1916 597 1986 καλ
612 1912 747 1987 σπάνιοι
761 1913 804 2005 δή
817 1917 904 1996 τινές
920 1920 1018 2005 εἰσιν,

58 2011 101 2098 οἷς
117 2013 180 2088 οῦκ
197 2015 404 2088 ἀντέπνευσε
422 2015 504 2107 πρὸς
521 2015 583 2107 τὴν
603 2020 770 2089 δοκοῦσαν
790 2015 914 2110 άρετὴυ
933 2017 1018 2108 φθό-

58 2146 108 2199 νος
125 2123 163 2190 ἐκ
179 2122 248 2190 των
266 2120 602 2209 συμπολιτευομένων
620 2115 753 2201 άδίκως.
787 2115 862 2189 ἀλλ’
882 2115 1017 2209 ἄνθρω-

57 2226 172 2308 πίυως,
198 2211 224 2290 ὦ
242 2219 394 2311 Μάρκιε,
418 2222 560 2312 φέρουσι
582 2223 639 2291 καλ
655 2227 797 2310 μετρίως
821 2218 966 2300 ἅπαντες
986 2226 1021 2291 οἰ
1036 2245 1069 2294 20

56 2340 198 2405 γενναῖοι
215 2320 274 2404 τὰς
292 2320 477 2413 συμφοράς,
496 2323 552 2392 καλ
566 2319 678 2401 πόλεις
692 2319 1017 2411 μεταλαμβάνουσιν,

58 2424 90 2490 ἐν
110 2419 163 2504 αίς
193 2421 386 2514 οίκήσαντες
408 2419 514 2494 οῦδὲν
537 2420 726 2512 λυπήσουσι
753 2420 811 2502 τάς
839 2427 1017 2511 πατρίδος’

58 2517 161 2617 ὥσπερ
182 2527 239 2595 καλ
261 2524 447 2617 Ταρκύνιος
465 2527 623 2613 ἐποίησεν
640 2518 658 2595 ὃ
676 2518 881 2602 Κολλατῖνος
901 2526 1019 2592 ἐπικα-

59 2623 224 2715 λοῦμευος·
254 2625 384 2717 [ίκανόυ
408 2633 446 2698 ἓν
468 2624 681 2716 παράδειγμα
708 2627 764 2696 καλ
793 2631 918 2696 οίκεῖου
931 2624 949 2714 ]
983 2620 1019 2706 ῦς

59 2727 348 2819 συνελευθερώσας
375 2725 440 2798 άπδ
464 2732 533 2799 τῦν
555 2726 734 2820 τυράννων
767 2724 844 2810 τοῦς
868 2735 1016 2816 πολίτας,
1035 2749 1068 2800 25

59 2831 162 2900 ἔπειτα
198 2833 395 2919 διαβληθεὶς
433 2827 516 2920 πρὸς
547 2827 671 2912 αὐτοῦς
713 2825 758 2912 ῦς
793 2819 1018 2919 συμπράττων

24 2928 149 3002 λλπάλιυ
171 2947 241 3014 τοῖς
263 2929 442 3021 τυράννοις
472 2928 534 3020 τὴν
558 2929 727 3019 κάθοδον,
758 2932 814 3000 καλ
841 2931 896 2999 διά
920 2933 1017 2999 τοῦτο

60 3031 218 3116 ἐξελαθεὶς
241 3031 340 3116 αὐτὸς
369 3037 406 3104 ἐκ
429 3037 487 3122 τῆς
509 3039 687 3125 πατρίδος,
719 3027 780 3103 οῦκ
806 3028 1018 3120 ἐμνησικάκει

58 3131 130 3220 πρὸς
154 3135 232 3217 τοῦς
257 3133 458 3224 ἐκβαλόντας
481 3131 602 3224 αὐτόν,
631 3129 707 3205 οὐδ’
733 3131 953 3222 ἐπεστράτευε
976 3136 1017 3224 τῇ

58 3232 144 3306 πόλει
168 3237 247 3320 τοῦς
270 3235 458 3329 τυράννους
483 3234 703 3327 ἐπαγόμενος,
735 3230 811 3306 οὐδ’
840 3238 944 3305 ἐποίει
966 3261 1016 3304 τε·
1035 3256 1069 3305 30

59 3335 171 3429 κμήρια
194 3345 263 3412 τῶν
290 3342 459 3428 διαβολωυ
483 3336 524 3409 τά
554 3345 651 3430 ἔργα,
688 3334 761 3407 ἀλλ’
796 3343 843 3416 είς
870 3333 932 3424 τὴν
955 3364 1016 3424 μης

59 3437 207 3524 τρίπολιν
249 3439 345 3533 ἡμῶν
379 3447 565 3514 Λαουίνιον
602 3435 763 3510 άπελθῦυ
801 3442 871 3507 ἐκεῖ
907 3432 1016 3506 πάντα

798 3549 862 3610 ll*

1159 260 1165 353 ρ
