2384 3850
425 88 630 148 -Η-

57 263 104 330 καὶ
119 260 251 353 κλήρων
270 262 429 350 διανομῆς
447 258 612 351 ὑπαχθεὶς
629 258 687 353 ὑπ’
715 259 838 355 άνδρδς
858 271 1010 356 δημαγω-

56 364 144 451 γήσαι
166 366 316 434 δυνατοῦ
343 359 380 432 τδ
403 367 462 452 τῆς
490 358 650 445 ὑπατείας
683 362 843 451 λαβόντος
872 364 1008 457 άξίωμα.

58 468 198 552 ἐφαίνετο
217 461 250 535 δ’
270 460 384 545 αὐτοῖς
402 467 507 557 ῥᾷστα
531 461 794 555 κωλυθήσεσθαι
818 466 946 539 τούτων
963 498 1009 539 τι·

55 563 101 647 νδς
117 563 332 657 ὀρεγόμενος,
358 572 389 635 εί
404 567 534 654 γίνοιτο
556 562 682 648 ῦπατος
705 563 791 658 άνήρ
815 564 933 657 ἥκιστα
951 576 1008 659 δη·
1177 648 1178 661 2

54 666 183 754 μοτικός.
213 664 479 756 βουλευσάμενοι
494 664 535 757 δή
553 671 652 738 τοῦτο
670 667 846 740 κελεύουσι
860 674 1007 760 μετιέναι
1044 694 1059 741 5
1177 672 1178 677 ¹

53 766 105 856 τήν
120 765 287 840 ὑπατείαν
309 768 369 840 τόν
393 771 508 860 ἕτερον
530 776 600 839 τῶν
623 770 924 861 κατηγορησάντων
947 780 1007 844 τοῦ
1177 768 1178 771 “

53 878 211 960 Κασσίου,
244 878 405 941 Καίσωνα
424 868 554 960 Φάβιον
575 866 724 961 άδελφδν
744 869 825 943 όντα
849 876 912 945 τοῦ
934 873 1008 945 τότε

52 965 268 1053 ὑπατεύοντος
286 979 450 1060 Κοίντον,
474 974 531 1041 καλ
550 976 587 1043 ἐκ
604 975 672 1043 τοῖν
693 969 806 1045 άλλων
822 983 1008 1067 πατρικίων

52 1072 188 1145 Λεύκιον
205 1080 365 1163 Αἰμίλιον
381 1070 490 1165 ἄνδρα
506 1069 789 1166 ἀριστοκρατικόν.
822 1076 952 1148 τούτων
970 1080 1007 1148 δὲ

52 1172 224 1260 μετιόντων
245 1172 309 1264 τήν
326 1171 433 1266 άρχήν
455 1172 601 1246 κωλύειν
621 1176 685 1266 μὲν
702 1172 763 1267 οῦχ
786 1174 901 1249 οἷοίτ’
920 1169 1007 1267 η’σαν
1025 1200 1058 1250 10

50 1279 80 1343 οί
50 1283 279 1398 οδημοτικοί,
298 1273 534 1360 καταλιπόντες
544 1277 624 1347 δε
589 1306 647 1359 τας
658 1274 910 1369 άρχαιρεσίας”
884 1308 1007 1373 φχοντο

51 1380 81 1446 ἐκ
96 1406 155 1449 του
139 1383 302 1449 πεδίου.
329 1376 366 1449 τδ
384 1377 448 1471 γάρ
465 1382 524 1467 της
542 1385 705 1469 λοχίτιδος
719 1384 949 1469 ἐκκλησίας
906 1408 1006 1503 κνρος

51 1481 82 1549 ἐν
98 1496 168 1563 ταῖς
186 1488 415 1603 ψηφοφορίαις
438 1482 516 1570 περὶ
551 1477 631 1562 τοῦς
657 1472 986 1570 ἐπιφανεστάτους
963 1512 1007 1569 ην

49 1584 98 1651 καὶ
114 1579 154 1651 τά
170 1586 285 1671 πρῦτα
302 1578 467 1671 τιμήματα
490 1590 641 1671 ἔχοντας,
670 1582 725 1651 καὶ
743 1579 886 1653 σπάνιόν
903 1612 933 1652 τι
951 1612 1005 1671 ην,

49 1674 260 1802 δέπεκῦρουν
277 1688 311 1753 oc
329 1680 384 1753 διά
401 1686 520 1773 μέσον·
539 1712 558 1753 ο
546 1681 616 1754 δέ
633 1691 822 1766 τελευταῖος
840 1680 948 1775 λόχος,
969 1687 1005 1755 ἐν
1024 1708 1056 1756 15

15 1774 73 1875 1Ιῷ
86 1782 121 1856 τό
139 1781 297 1855 πλεῖστόν
314 1803 350 1854 τε
368 1781 460 1854 ταδ’
440 1781 657 1875 αποροίτατον
673 1813 734 1855 του
722 1788 933 1875 δημοτικοῦ
950 1789 1043 1874 με’-·

49 1914 99 1974 ρος
116 1884 340 1977 ἐψηφοφόρει,
365 1893 443 1978 μιᾶς
467 1914 512 1968 ως
535 1888 592 1957 καλ
615 1884 778 1981 πρότερον
802 1896 933 2040 είρηταί
949 1916 1005 1979 μοι

48 2017 98 2076 της
115 1987 253 2079 ἐσχάτης
270 1986 387 2079 ψήφου
405 1986 520 2080 κῦριος
536 1979 591 2078 ήν.

115 2089 294 2216 LXXXIII.
329 2088 639 2181 Παραλαμβάνουσι
674 2091 716 2180 δή
752 2090 814 2180 τήν
841 2091 1005 2164 ὑπατείαν

48 2191 123 2263 κατά
138 2191 176 2264 τό
190 2189 445 2284 ἑβδομηκοστόν
468 2194 577 2263 τεκαὶ
597 2191 827 2263 διακοσιοστὸν
852 2200 922 2275 ἔτος
939 2190 1004 2264 άπδ
1022 2215 1055 2263 20

46 2297 101 2362 τοῦ
117 2296 338 2384 συνοικισμοῦ
359 2298 417 2383 τῆς
430 2288 551 2383 Ῥάμης
579 2292 722 2374 Λεύκιος
747 2299 900 2382 Αἰμίλιος
924 2304 1005 2364 Μα-

45 2396 163 2485 μέρκου
180 2395 254 2478 υίὸς
271 2398 329 2466 καὶ
346 2402 485 2467 Καίσων
503 2392 628 2483 Φάβιος
646 2399 820 2476 Καίσωνος
837 2392 922 2482 νίός,
944 2391 1005 2481 69-

45 2525 153 2583 χοντος
172 2496 336 2587 Ἀθήνησι
355 2494 561 2587 Νικοδήμου,
594 2493 644 2578 οἷς
663 2493 734 2566 κατ’
758 2492 861 2585 εὐχήν
878 2497 1003 2585 συνέβη

44 2601 144 2685 μηδὲν
161 2597 227 2672 ὑπὸ
245 2604 303 2688 της
321 2601 491 2688 πολιτικῆς
510 2600 772 2690 ἐπιταραχθῆναι
783 2604 1002 2688 διχοστασίας,

45 2704 194 2790 πολέμων
227 2699 289 2790 τὴν
318 2698 417 2771 πόλιν
450 2697 679 2791 περιστάντων
711 2697 916 2772 ἀλλοεθνῶν.
968 2703 1004 2771 ἐν
1022 2721 1054 2770 25

44 2796 144 2872 ἅπασι
166 2803 229 2893 μέν
253 2791 316 2874 οῦν
338 2811 454 2883 ἔθνεσι
482 2803 539 2871 καὶ
561 2797 673 2884 τόποις
700 2797 868 2896 Ἑλλήνων
890 2830 926 2872 τε
948 2802 1003 2870 καὶ

45 2901 223 2994 βαρβάρων
240 2908 397 2993 φιλοῦσιν
420 2907 458 2973 ac
472 2905 540 2972 τῶν
564 2908 691 2985 ἔξωθεν
713 2907 827 2973 κακοῦν
850 2898 1004 2972 άνάπαυ-

44 3011 96 3074 λαι
118 3009 303 3096 ἐμφυλίους
331 3007 446 3075 τεκαὶ
470 3001 633 3094 ἐνδήμους
658 3007 798 3095 ἐγείρειν
827 3003 1003 3091 πολέμους,

42 3104 181 3191 μάλιστα
207 3107 245 3176 δέ
267 3109 365 3178 τοῦτο
388 3103 592 3196 πάσχουσιν,
623 3103 695 3175 ὅσοι
724 3103 925 3194 πολεμιστήν
948 3107 1003 3175 καὶ

43 3206 237 3280 κακόπαθον
263 3212 436 3301 αἱροῦνται
466 3216 544 3297 βίον
568 3210 763 3297 ἐλευθερίας
786 3233 822 3276 τε
845 3209 900 3276 καὶ
924 3203 1003 3295 ήγε·
1021 3231 1054 3279 30

42 3316 157 3393 μονίας
175 3307 282 3404 πόθῳ.
326 3312 466 3400 χαλεπαὶ
485 3307 550 3399 γάρ
567 3314 605 3378 αί
625 3311 796 3397 μαθοῦσαι
812 3311 870 3378 τοῦ
890 3314 1003 3377 πλείο-

41 3436 96 3491 νος
115 3413 272 3499 ἐφίεσθαι
289 3409 407 3501 φῦσεις
431 3407 654 3501 ἐξειργόμεναι
677 3413 745 3481 των
769 3406 931 3498 συνήθων
948 3415 1004 3497 ἐρ-

89 3557 229 3594 motum.
813 3519 852 3582 14
