2384 3850
45 285 268 375 στοχάσασθαι
297 285 453 375 λογισμὸς
482 283 713 375 άνθρώπινος·
747 282 788 356 οὐ
816 286 879 376 τὴν
902 284 1011 376 τόχην
1067 375 1071 382 ι
1168 269 1169 304 ³

46 387 154 477 ώσπερ
167 392 278 476 ἐχρῆν,
294 384 378 457 άλλά
391 387 453 476 τὴν
465 382 631 477 ὑμετέραν
650 386 826 477 ἐπιγράφει
842 388 1008 476 διάνοιαν,

46 489 325 576 ἐπιβουλεύεσθαί
352 518 388 559 τε
410 485 471 577 ὑφ’
498 483 596 577 ὑμῶν
620 488 847 578 σκηπτόμενος
871 493 927 560 καὶ
953 497 1009 562 θε-

46 594 162 679 θιέναι,
181 591 225 680 μὴ
243 590 305 678 την
324 595 525 680 ἐλευθερίαν
541 587 716 680 άηιέλησθε
734 586 754 678 ἦ
772 595 831 680 της
849 597 1009 679 πατρίδος

46 691 214 781 ἐκβάλητε,
232 688 332 774 αὐτὸς
351 689 406 781 ἐφ’
427 688 510 781 ὑμῖν
522 697 627 763 ταῦτα
644 691 882 782 μηχανώμενος
901 699 1008 762 διατι·
1046 711 1062 760 5
1158 717 1170 738 ²

47 805 110 881 λεῖ,
128 797 184 863 καὶ
200 792 238 865 τό
255 793 300 882 μη
318 805 444 864 παθεῖν
461 790 479 862 ό
499 797 687 864 δεδοικέναι
705 801 822 883 φησίν,
840 790 902 864 οὐκ
920 792 1011 887 άλλη)

46 898 109 963 τινὶ
126 895 375 984 φυλαττόμενος
400 892 499 984 δῆλός
524 900 632 982 ἐστιν,
663 890 747 988 ἢτῷ
773 901 893 986 δρᾶσαι
918 894 1012 983 φθά-

48 1020 113 1077 σας.
153 995 303 1087 ἐδήλωσε
327 998 363 1066 δέ
381 1002 479 1067 τοῦτο
502 994 660 1079 πολλάκις
683 998 746 1087 μὲν
770 997 1011 1086 καὶπρότερον

47 1100 98 1166 καὶ
122 1100 175 1168 ἐπὶ
198 1104 333 1169 πολλῶν
358 1089 407 1168 ών
436 1102 621 1188 ἐξείργομαι
645 1102 836 1187 μεμνῆσθαι
868 1097 1011 1170 κατὰτὸ

49 1198 164 1287 παρόν·
191 1197 335 1290 μάλιστα
356 1201 392 1270 δέ
410 1199 569 1291 Μάρκιον
592 1203 726 1270 τουτονὶ
749 1198 809 1270 τόν
831 1199 1011 1289 φιλόπολιν
1031 1226 1063 1272 ιο

49 1297 170 1390 ἄνδρα,
207 1299 285 1372 οὔτε
314 1300 492 1391 προγόνων
521 1299 665 1391 άφανών
691 1300 771 1372 ὄντα
802 1299 874 1373 οὔτ’
907 1299 1012 1373 αὐτόν

50 1401 145 1493 ἀρετῇ
162 1400 362 1492 λειπόμενον
384 1399 526 1486 οὐθενὸς
548 1399 660 1493 ἡμών,
685 1403 916 1493 αἰτιασάμενος
943 1409 1011 1474 ἐπι-

52 1504 223 1589 βουλεύειν
241 1501 332 1597 αὐτῷ
355 1508 409 1575 καὶ
428 1503 575 1594 πονηράς
595 1503 719 1575 ἐνθάθε
736 1503 870 1593 γνώμας
889 1507 1012 1592 λέγειν,

20 1601 180 1692 κάκριτον
206 1609 420 1696 ἐπεχείρησεν
449 1604 654 1676 ἀποκτεῖναι.
698 1609 753 1674 καὶ
778 1612 809 1675 εί
816 1605 877 1728 μίχ
900 1603 1013 1676 δεινόν

50 1707 247 1797 ἡγησάμενοι
270 1706 307 1777 τό
326 1712 461 1797 πρᾶγμα
484 1713 519 1779 οι
533 1736 570 1778 τε
587 1704 707 1777 ὕπατοι
732 1704 823 1776 καλ’
805 1712 902 1795 υμών
920 1713 958 1777 οί-
970 1706 1010 1776 τά
1030 1730 1062 1778 15

50 1818 185 1896 κρείττω
199 1813 406 1898 φρονούντες
424 1806 690 1906 σννηστράφητε,
711 1810 766 1878 καὶ
784 1837 847 1896 την
864 1836 1010 1896 παρανο-

51 1917 124 1997 μίαν
141 1915 296 2000 ἐπέσχετε
314 1909 443 1999 αότών,
475 1915 512 1981 ἐν
528 1941 589 2003 μια
613 1915 653 2007 τῇ
677 1908 750 1982 τότε
773 1904 880 2005 ημέρμ
904 1909 1013 1982 πάντα

52 2007 90 2080 άν
105 2010 311 2104 άφηρέθητε,
327 2010 389 2084 ὅσα
410 2012 465 2103 [οἱ]
486 2018 626 2103 πατέρες
639 2042 675 2084 τε
692 2010 776 2102 ὑμῖν
793 2011 859 2084 σόν
877 2024 1012 2093 πολλοῖς

52 2114 244 2203 κτησάμενοι
263 2113 378 2196 πόνοις
402 2118 595 2202 κατέλιπον,
627 2119 682 2184 καί
707 2113 803 2200 αὐτοὶ
827 2110 921 2203 ὑμεῖς
949 2113 1013 2185 οὐκ

53 2214 199 2298 ἐλάττους
220 2212 367 2304 ’άχώνας
403 2221 542 2287 ἐκείνων
576 2214 782 2297 ὑποστάντες
817 2224 929 2304 ἔχετε,
971 2214 1008 2284 τὸ
1032 2237 1066 2285 20

52 2312 170 2407 άξίωμα
193 2316 256 2405 τὴν
279 2312 462 2408 ἡγεμονίαν
483 2316 545 2406 τὴν
571 2322 785 2403 ἐλευθερίαν·
819 2323 854 2385 οί
876 2318 913 2384 δὲ
937 2343 1012 2403 χεν·

53 2418 210 2508 ναιότεροι
234 2423 290 2489 καὶ
313 2418 375 2515 οὐκ
398 2416 631 2508 άγαπήσαντες
654 2413 734 2487 αότό
758 2412 795 2486 τό
814 2419 887 2505 ζῆν,
921 2422 951 2485 εί
967 2413 1012 2504 μὴ
1048 2449 1050 2452 ’

54 2518 129 2604 μετά
146 2521 275 2593 τούτων
298 2525 449 2610 ἐμέλλετε
472 2525 541 2590 τών
563 2518 704 2607 άγαθών
728 2516 931 2605 βιώσεσθαι,
953 2514 1013 2597 τάς

55 2620 155 2710 ψυχάς
172 2622 216 2692 ἂν
233 2622 396 2713 πρότερον
418 2651 439 2710 η
463 2626 567 2692 ταῦτα
592 2620 846 2751 άφηρέθητε,ο
827 2616 993 2742 ρ’ίμέν
958 2648 1016 2690 ευ

55 2720 114 2802 θος
136 2730 171 2794 οί
192 2722 230 2793 δ’
249 2721 312 2795 οόκ
336 2732 384 2806 εἰς
406 2723 547 2814 μακράν.
593 2731 630 2793 τί
648 2721 712 2813 γάρ
738 2717 780 2792 άν
802 2719 839 2791 τό
862 2712 1016 2792 κωλῦσον
1033 2741 1066 2789 25

55 2850 108 2909 ην,
130 2823 234 2908 οὕτως
252 2831 396 2915 αἰσχρώς
413 2829 470 2895 καί
487 2830 595 2907 κακῶς
619 2832 775 2913 Μαρκίου
793 2820 927 2893 τοὺθε’
910 2851 1016 2912 αναρ-

57 2930 235 3008 πασθέντος
253 2926 377 3027 ὥσπερ
384 2932 421 2997 ἐν
439 2931 574 3053 ἐρημία,
593 2924 677 3045 κάμε
694 2923 776 3014 μετά
793 2929 913 2994 τοῦτον
931 2922 1016 2992 ἀπο-

58 3029 189 3096 λωλέναι
208 3014 495 3100 διασπασθέντα
476 3026 542 3099 υπὸ
560 3058 628 3098 των
647 3030 796 3117 ε’χθρών,
815 3027 871 3095 καὶ
889 3022 1069 3104 πάντας

58 3119 124 3196 ὅσοι
146 3127 278 3199 πώποτε
301 3127 562 3217 ἠναντιώθησαν
592 3126 706 3199 καὶ
672 3157 708 3197 το
734 3125 852 3197 λοιπόν
877 3132 1016 3215 ἐμελλον

61 3228 312 3301 ἐναντιώσεσθαι
336 3250 408 3313 ταῖς
433 3228 636 3320 παρανόμοις
660 3234 855 3318 ἐπιθυμίαις
879 3230 939 3297 τοὺ
957 3224 1014 3313 δή·
1034 3250 1067 3299 30

60 3354 133 3413 μους
159 3330 199 3400 οὐ
217 3330 280 3424 γάρ
299 3328 342 3403 ἂν
359 3330 508 3425 ἠρκέσθη
532 3332 611 3413 τοὺς
636 3330 698 3401 δύο
715 3329 839 3420 μόνους
857 3323 942 3417 ἡμεῖς
961 3332 1016 3397 ἐκ-

61 3435 168 3502 ποδών
183 3432 416 3523 ποιησάμενος,
434 3430 516 3504 οὐδὲ
533 3437 629 3525 μέχρι
648 3429 742 3521 θεῦρ’
766 3428 877 3501 ἐλθών
891 3427 1016 3513 άπέστη
