2384 3850
414 95 619 160 ..Η-

39 267 73 339 τό
90 265 180 359 παρά
194 266 235 337 τά
254 265 359 339 δεινά
363 264 524 369 εύτολμον
541 263 604 336 αύκ
619 268 651 348 ἐξ
666 276 741 335 ίσου
755 271 1013 356 παραγίνεσθαι-

39 380 128 459 φιλεῑ
157 385 226 452 τοῖς
248 398 284 440 τε
308 366 393 459 ὑπὲρ
417 363 552 438 οἰκείων
578 365 720 455 ιἰγαθῶν
740 363 1003 498 άγωνιζομόιοις

39 475 91 541 καὶ
106 486 177 552 τοις
196 473 250 542 ἐπὶ
273 467 449 592 τάλλότρια
467 471 718 591 πορευρμένοις
746 474 782 538 οί
801 470 864 557 μέν
886 499 924 558 γε
942 469 1004 540 ού-
1098 481 1102 485 ’

39 572 148 642 666⁹
112 601 173 642 εαν
189 571 234 662 μὴ
252 569 495 662 κατορθώσωσι
515 543 734 659 βλάπτονται,
758 566 881 652 τοίςὸ’
902 569 1004 642 οὐδὲν
1169 641 1170 646 ,

24 673 93 744 26¹6
109 681 277 744 πταίσωσι
294 681 540 744 καταλείπεται
556 675 691 743 καὶτοῦ
712 669 924 798 σφάλλεσθαι
947 671 1009 754 τάς
1039 685 1056 735 5
1169 717 1170 728 α

39 773 180 898 μεγάλας
199 773 393 899 6666669‘
374 772 440 846 υπό
458 778 527 845 των
545 772 731 898 ἐλαττόνων
749 773 855 844 καὶ
821 803 880 856 τας
884 780 1004 895 χρείτ-
1169 777 1170 784 '

26 906 112 960 ,τους
142 872 211 947 ύπό
238 879 306 947 τοῖν
331 879 550 1001 φαυλοτέρων
580 871 672 946 τούτ’
706 881 837 958 ἐντοῖς
864 873 1006 964 μάλιστα

42 990 144 1048 αίτιον
161 969 215 1067 ἦν.
245 975 394 1066 δεινὴ
356 1007 420 1102 γαρ
438 975 459 1067 ἡ
477 974 618 1066 άνάγκη,
637 976 722 1048 καὶ’
707 1006 724 1047 ο
739 979 875 1068 περὶ
829 1006 898 1047 των
912 976 1006 1067 ἐσχά-

43 1108 104 1150 των
126 1084 330 1161 κίνδυνος’
315 1077 428 1160 ικανός
451 1075 579 1169 θάρσος
604 1082 758 1150 ἐνθεῖναί
787 1109 853 1150 τινι
880 1079 1001 1150 καί
960 1109 1005 1169 μη

41 1179 253 1271 προϋπάρχον
270 1179 386 1270 φύσει.
415 1179 507 1270 εἶχον
524 1189 573 1250 ἔτι
590 1188 695 1252 πλείω
714 1183 825 1270 λέγειν
842 1176 927 1271 ὑπὲρ
946 1184 1006 1252 τού
1024 1199 1059 1247 10

41 1279 224 1368 άίυνάτον,
243 1278 328 1352 άλλίι
345 1283 400 1351 καὶ
417 1279 517 1352 ταῦθ’
541 1281 647 1353 ἱκανάς

88 1383 225 1453 XXVII.
253 1379 314 1464 Εἷς
332 1391 380 1454 ἔτι
397 1412 453 1473 μοι
471 1390 704 1454 καταλείπεται
722 1381 831 1472 λόγος,
853 1379 894 1454 όν
913 1391 945 1453 εί
960 1383 1006 1472 μὴ

43 1485 106 1573 μετ’
127 1485 231 1578 όργῆς
249 1481 324 1555 ἄλλ’
345 1490 381 1556 ἐκ
398 1488 561 1574 λογισμοῦ
577 1499 714 1574 κρινεῖς,
733 1482 846 1572 ὀρθως
863 1513 899 1554 τε
919 1489 1006 1572 εἰρη-

46 1599 119 1658 σθαι
142 1587 251 1676 δόξει,
285 1589 342 1656 καὶ
359 1585 624 1718 παρμστήσεταί
643 1607 695 1656 σοι
719 1586 916 1680 μεταμέλεια
938 1588 1006 1654 των

46 1691 282 1812 πραττομένων
332 1695 382 1769 τίς
408 1684 441 1758 δ’
468 1692 558 1758 ἐστιν
581 1676 677 1767 οὗτος
700 1681 717 1755 ὁ
742 1683 857 1772 λόγος;
889 1680 1058 1756 0666615

48 1794 161 1884 θνητω
171 1789 274 1880 φύντι
295 1791 372 1859 θεοί
395 1793 462 1860 τῶν
484 1785 706 1912 μελλόντων
701 1793 838 1858 ἐσεσθαι
863 1793 1006 1875 βεβαίαν

49 1891 223 2013 ἐπιστήμην
241 1897 373 1962 ἔδωκαν
391 1898 491 1980 ἔχειν,
509 1885 626 2015 066'''
607 1919 649 1961 αν
667 1885 776 2019 εύρρις
795 1890 831 1959 ἐκ
849 1892 909 2014 666
923 1915 1005 1961 παν-

48 1990 93 2073 τός
110 1990 275 2076 αίωνος”
255 2022 321 2087 οτφ
339 1990 448 2063 πάντα
465 1990 548 2067 κατά
570 1996 655 2113 νοβν
674 1989 821 2083 ἐχώρησε
844 1989 885 2061 τά
902 1990 1005 2112 πράγ-

49 2121 124 2178 ματα
141 2097 249 2219 66666
268 2064 528 2219 ἐναντιωθείσης
545 2099 604 2183 τῆς
612 2093 731 2217 τύχης
761 2095 818 2165 καὶ
836 2092 905 2216 διά
910 2094 1006 2164 τούτο

50 2200 78 2263 ολ
95 2196 257 2321 φρρνήσει
280 2194 480 2321 προύχρντες
510 2200 650 2288 ἑτέρων,
677 2190 721 2283 66
744 2224 761 2264 0
784 2223 909 2294 μακροί
931 2202 1005 2320 βίος
1023 2210 1057 2260 20

50 2298 148 2366 καί
111 2328 152 2369 τα
170 2296 277 2371 πολλοὶ
302 2297 484 2422 παθήματα
506 2301 618 2389 φέρει,
647 2298 729 2387 πρὶν
747 2286 940 2385 ἐγχειρεῖν
926 2324 1006 2365 οτω-

24 2396 166 2487 63δήποτε
195 2409 282 2493 ἔργω
312 2397 463 2483 τὸτέλος
493 2400 599 2471 αὐτού
621 2400 754 2489 πρῶτον
778 2407 916 2467 οίονται-
934 2366 1008 2466 ὃέίν

51 2519 198 2592 σκοπεῖν,
230 2500 271 2573 οὐ
298 2500 444 2593 θάτερον
473 2500 578 2591 μόνον
602 2496 621 2571 6
644 2496 822 2589 βούλονται
838 2499 1008 2586 ,γενέσθαι

53 2610 176 2694 σφίσιν,
195 2601 280 2675 ἄλλα
297 2604 406 2675 καὶτὸ
425 2603 514 2693 παρὰ
532 2600 671 2692 γνω’μην
690 2598 929 2690 ἐκβησόμενον·
948 2598 1008 2689 μά-

53 2710 135 2775 λιστα
153 2708 191 2776 δὲ
209 2711 245 2776 oc
258 2710 327 2777 τῶν
343 2709 498 2794 πολέμων
515 2700 687 2793 ἡγεμόνες,
710 2700 777 2797 όσφ
796 2700 956 2791 μειζόνων
973 2728 1009 2771 τε
1026 2711 1059 2763 25

53 2812 191 2889 γίνονται
209 2805 413 2898 πραγμάτων
431 2804 552 2896 κύριοι,
571 2808 631 2875 καί
645 2802 704 2885 τάς
722 2810 828 2886 αίτίας
846 2808 914 2874 τιόν
932 2831 1011 2873 κατ·
1093 2822 1097 2830 ’

54 2909 249 2999 ορθωμάτων
266 2904 287 2999 6
310 2906 516 2999 σφαλμάτων
532 2902 677 2988 άπαντες
696 2908 749 2975 ἐπὶ
766 2901 904 2985 τούτους
927 2902 1011 2971 άνα-

57 3012 216 3137 φέρουσιν.
256 3020 376 3082 ἔπειτα
394 3006 437 3081 66
453 3038 516 3100 μεν
534 3005 658 3099 εύρωσι
682 3012 849 3097 μηδεμίαν
868 3003 1011 3075 ε’νούσαν

57 3100 203 3228 6666669
220 3116 350 3184 καὶί
294 3108 350 3183 όλί
348 3142 408 3202 γας
432 3117 469 3184 ἐν
494 3114 540 3207 τῷ
563 3108 608 3201 μὴ
633 3110 846 3231 κατορθῶσαι
870 3102 1051 3194 βλάβας,

57 3204 201 3286 ἅπτονται
228 3218 297 3286 των
319 3223 441 3337 ἔργων
475 3183 534 3283 666
559 3214 595 3282 δὲ
619 3206 742 3292 πολλάς
766 3211 821 3279 καί
846 3206 1003 3297 μεγάλας,
1022 3239 1064 3287 30
1162 3254 1170 3301 3

58 3306 253 3398 οἐφίστανται.
298 3323 394 3388 τούτο
419 3314 461 3405 66
485 3317 541 3385 καί
565 3312 608 3384 σύ
627 3318 785 3399 ποίησον,
809 3312 864 3380 καὶ
889 3307 1006 3379 σκόπει

60 3414 111 3504 πρὸ
126 3422 194 3491 τόν
212 3425 338 3510 ἔργων,
364 3415 422 3488 ἐάν
440 3418 573 3507 σφαλῇς
596 3411 679 3484 κατά
701 3411 761 3482 τὸν
784 3407 930 3497 πόλεμον
954 3410 1010 3475 καὶ
