2384 3850
475 57 677 118 -Θ-
992 55 1055 121 297

82 231 147 300 ειαί
175 224 396 320 ἀγορανόμων
426 226 622 322 ἀρχαιρέσια
651 229 746 322 μέχρι
773 238 833 303 τοῦ
862 228 943 302 καθ’
972 228 1057 321 ἡμᾶς

82 328 215 423 χρόνον
239 336 316 420 δίχα
335 334 466 404 οἰωνῶν
483 359 520 402 τε
537 333 669 422 καὶτῆς
691 331 794 422 άλλης
816 329 947 414 ὀττείας
969 330 1057 404 άπά-

83 454 150 522 σης
181 437 218 502 αι’
246 435 424 522 φυλετικαὶ
458 437 717 524 ψηφοφοροῦσιν
751 438 930 523 ἐκκλησίαι.
971 431 1056 525 αὐτη

82 533 186 615 λύσις
217 535 347 622 ἐγένετο
377 539 436 624 της
465 533 541 606 τότε
570 533 798 626 κατασχούσης
827 538 972 625 ταραχῆς
994 535 1057 625 τὴν

83 633 197 706 πόλιν.
384 670 387 676 ·
1090 661 1107 711 σ

167 736 203 808 L.
231 739 300 807 Καὶ
323 733 394 826 μετ’
414 733 455 809 οὐ
478 735 564 809 πολύ
587 735 742 829 στρατιάς
766 736 875 812 ἐδόκει
888 733 1056 828 Ῥωμαίοις

85 834 319 929 καταγράφειν
348 841 405 910 καὶ
429 836 507 922 τούς
530 833 679 923 ὑπάτους
702 843 882 930 ἐκπέμπειν
911 837 1057 930 άμφοτέ-

84 969 170 1032 ρους
196 943 255 1010 έπί
273 967 310 1010 τε
334 938 505 1023 Αἰκανούς
531 943 589 1012 καί
614 939 859 1025 Οὐολούσκους.
896 938 1056 1031 δυνάμεις

84 1038 153 1133 γάρ
178 1044 211 1125 ἐξ
240 1043 406 1133 ἑκατέρων
428 1047 496 1114 τῶν
526 1044 641 1117 έθυῶν
670 1047 908 1134 ἐξεληλυθέναι
935 1039 1057 1134 ἠγγέλ-

84 1152 187 1214 λοντο
210 1141 350 1233 μεγάλαι
372 1147 430 1216 καὶ
446 1143 670 1236 προνομεύειν
692 1143 769 1228 τούς
787 1141 956 1238 Ῥωμαίων
973 1168 1056 1237 συμ·
1075 1169 1107 1219 10

84 1242 223 1335 μάχους.
258 1251 611 1336 παρασκευασθεισῶν,
626 1249 665 1318 δὲ
686 1250 756 1318 τῶν
781 1245 961 1337 δυνάμεων
990 1245 1057 1318 σύν

3 1363 74 1414 1878
84 1344 199 1437 τάχει,
213 1355 367 1430 Κοίντιος
385 1349 447 1438 μὲν
458 1354 620 1430 Αἰκανοῖς
637 1345 836 1438 πολεμήσων
847 1346 961 1442 ᾤχετο,
971 1345 1056 1419 ’Ἁπ-

84 1475 163 1531 πιος
182 1447 220 1518 δὲ
241 1446 484 1538 Οὐολούσκοις,
502 1446 614 1542 κλήρῳ
633 1446 847 1538 διαλαχόντες
864 1448 923 1531 τάς
940 1447 1053 1540 άρχάς.

84 1553 216 1640 συνέβη
236 1550 273 1621 δὲ
290 1554 359 1623 τῶν
375 1548 514 1622 ὐπάτων
532 1553 677 1644 ἑκατέρῳ
700 1547 740 1620 τά
764 1546 876 1620 εἰκότα
899 1548 1054 1640 πάσχειν·

85 1646 108 1740 ἡ
130 1651 195 1741 μέν
217 1649 282 1742 γάρ
304 1655 352 1747 τῶ
368 1656 514 1747 Κοιντίφ
536 1664 811 1744 προσνεμηθεῖσα
833 1649 971 1743 στρατιά
993 1649 1056 1741 τὴν
1074 1674 1106 1725 15

87 1751 270 1826 ἐπιείκειάν
284 1781 320 1825 τε
331 1755 388 1824 καὶ
401 1751 597 1844 μετριότητα
613 1756 678 1825 τού
693 1748 817 1844 ἀνδρὸς
833 1750 1055 1843 ἀσπαζομένη,

86 1852 264 1946 πρόθυμος
293 1844 337 1945 ἦν
371 1863 418 1938 εἰς
444 1852 556 1927 πάντα
584 1854 625 1927 τά
655 1852 908 1945 ἐπιταττόμενα,
936 1856 992 1925 καί
1015 1852 1056 1926 τά

87 1965 228 2029 πλείστα
241 1952 498 2040 αὐτοκέλευστος
509 1955 674 2047 ὑφίστατο
691 1954 942 2047 κινδυνεύματα
954 1954 1056 2041 δόξαν

86 2061 136 2152 τῶ
151 2056 290 2149 ἡγεμόνι
307 2060 363 2129 καί
380 2056 479 2151 τιμὴν
497 2057 704 2151 πράττουσα
724 2062 781 2131 καί
800 2063 955 2149 διεξῆλθε
972 2067 1056 2131 πολ-

87 2159 151 2251 λὴν
169 2162 227 2249 τῆς
245 2163 406 2232 Αἰκανῶν
422 2159 532 2251 χῶρας
549 2164 774 2250 λεηλατούσα,
797 2157 839 2231 οὐ
856 2159 1055 2250 τολμῶντων
1072 2182 1106 2232 20

1 2334 7 2343 ‚
88 2267 137 2343 εἰς
154 2280 267 2352 χεῖρας
287 2266 402 2333 έλθείν
415 2264 678 2350 τῶνπολεμίαν,
689 2264 723 2344 ἐξ
739 2252 780 2350 ἧς
797 2258 933 2351 λάφυρα
949 2259 1056 2332 πολλὰ

1 2364 9 2389 ”
88 2363 145 2433 καὶ
162 2360 327 2452 ῶφελείας
344 2360 488 2453 μεγάλας
507 2360 675 2451 ἐκτήσατο.
694 2358 816 2452 χρόνον
834 2361 872 2432 δί
888 2358 930 2431 οὐ
946 2359 1056 2432 πολύυ

88 2466 126 2534 έν
142 2468 183 2555 τῇ
201 2470 345 2557 πολεμίᾳ
361 2470 564 2551 διατρίψασα
582 2466 694 2556 παρῆν
712 2468 759 2545 εἰς
776 2459 839 2552 τὴν
855 2460 954 2534 πόλιν
966 2460 1056 2533 άπα-

87 2562 153 2656 θής
176 2571 301 2655 κακῶν,
324 2562 477 2657 λαμπρόν
495 2568 550 2637 ἐπὶ
566 2582 637 2647 τοῖς
663 2572 773 2655 ἔργοις
793 2562 854 2635 τδυ
871 2561 1066 2655 στρατηγὸν,

88 2663 226 2756 ἄγουσα.
246 2662 267 2757 ἡ
281 2668 318 2739 δὲ
330 2670 378 2763 τῷ
385 2664 516 2763 Ἀππίῳ
527 2670 779 2751 συνεξελθοῦσα
791 2663 947 2756 δύναμις,
964 2670 1055 2756 μίσει
1072 2688 1106 2738 ιο

87 2772 133 2863 τῷ
156 2766 239 2861 πρδς
262 2766 365 2841 αὐτόν
389 2767 496 2841 πολλά
517 2764 676 2860 ὑπερεῖδε
692 2770 762 2838 τῶν
778 2774 937 2859 πατρίων.
962 2764 1003 2838 τά
1019 2796 1056 2840 τε

87 2868 151 2962 γάρ
169 2868 254 2941 ἅλλα
273 2874 522 2943 ἐθελοκακοῦσα
540 2873 578 2941 έν
594 2868 657 2961 ὅλη
673 2874 715 2960 τῇ
731 2877 888 2960 στρατείᾳ
910 2870 968 2939 καὶ
984 2864 1056 2938 ὀλι-

86 2976 246 3063 χωροῦσα
267 2979 327 3070 τοῦ
350 2967 512 3061 ἡγεμόνος
536 2973 717 3060 διετέλεσε,
743 2971 800 3039 καί
819 2966 934 3057 ἐπειδὴ
956 2964 1055 3059 μάχε-

88 3086 171 3145 σθαι
185 3078 255 3144 ἔδει
267 3076 309 3163 τῇ
324 3070 548 3145 Οὐολούσκων
561 3074 710 3166 στρατιᾷ,
728 3082 976 3142 κατασταθεῖσα
988 3064 1055 3140 ὐπδ

88 3178 156 3245 τῶν
179 3168 354 3265 ἡγεμόνων
377 3181 424 3257 εἰς
447 3172 541 3259 τάξιν
563 3169 626 3245 οὐκ
648 3169 770 3263 ἠξίωσε
792 3188 862 3255 τοίς
884 3179 1054 3263 πολεμίοις
1071 3190 1106 3245 30

15 3299 80 3352 1879
90 3282 136 3358 εἰς
158 3290 270 3368 χείρας
289 3278 389 3348 ἰέναι·
417 3271 490 3347 ἄλλ’
511 3281 547 3349 οἰ
560 3302 597 3346 τε
614 3277 749 3365 λοχαγοί
766 3276 824 3345 καί
841 3279 877 3345 οἰ
891 3271 1055 3364 πρόμαχοι

89 3372 211 3469 αὐτῶν,
237 3382 273 3449 οἰ
290 3379 353 3469 μέν
375 3376 416 3448 τά
433 3393 555 3469 σημεία
578 3382 754 3471 ῥίψαντες,
776 3380 812 3448 οἰ
828 3374 867 3447 δέ
882 3372 945 3465 τὴν
960 3372 1054 3459 τάξιν
