2384 3850
158 93 223 159 250
540 95 743 156 ..9...

158 271 256 339 τούτο
288 265 504 340 διεσάλευσεν
527 268 582 338 ἐπί
608 264 755 358 θάτερον
783 263 920 357 ἐχώρει,
951 261 1039 337 ὅπου
1067 266 1135 355 μέν

161 367 344 459 ἱππάσιμον
370 379 421 458 είη
450 376 573 459 χωρίον
602 365 669 439 άπδ
690 371 760 440 των
788 375 903 439 ἳππων
931 364 1135 458 μαχόμενος,

159 470 245 542 ὅπου
271 471 307 542 δέ
325 467 474 542 άνιππον
491 467 773 558 ἀποκαταβαίνων
794 497 831 540 τε
854 473 911 540 καί
928 466 1025 554 πεζδς
1041 466 1137 557 ἄγω·

160 571 340 662 νιζόμενος.
376 569 574 644 πονούντων
600 573 638 644 δέ
659 575 728 644 τάν
754 570 906 664 κεράτων
931 568 1138 662 ἀμφοτέρων

128 670 239 745 σούδ’
259 679 294 746 οί
315 673 399 745 κατὰ
419 677 524 765 μέσον
546 679 596 744 ἐτι
612 670 783 765 άντετχον,
814 671 887 744 ἀλλ’
915 671 1138 764 ἐξεώσθησαν

159 771 227 846 ύπδ
250 783 320 848 τάν
342 783 468 866 πεζῶν,
499 779 555 847 καί
573 778 656 866 μετὰ
673 781 771 849 τούτο
787 773 910 858 πάντες
927 781 1057 865 ἐφνγον
1075 777 1137 846 ἐπὶ

115 875 118 880 ’
161 877 223 950 τὸν
240 876 378 970 χάρακα.
415 876 433 948 5
453 877 483 949 δ’
506 885 660 969 Αἰμίλιος
676 877 860 969 ἠκολούθει
876 893 946 960 τοίς
963 875 1138 967 φεύγουσι

45 1071 48 1075 .
165 982 437 1069 συντεταγμένην
459 979 522 1068 τῆν
541 979 690 1070 δύναμιν
706 989 809 1070 ἔχων,
827 983 884 1052 καὶ
902 977 1048 1062 πολλούς
1065 981 1139 1050 διέ-

163 1092 295 1170 φθειρε.
320 1078 499 1170 γενόμενος
518 1083 555 1152 δέ
572 1090 716 1172 πλησίον
731 1087 792 1153 τοῦ
805 1081 948 1173 χάρακος
961 1083 1018 1151 καί
1030 1100 1141 1170 προσ-

113 1199 146 1248 ιο
164 1178 279 1270 βαλων
297 1185 334 1251 ἐκ
351 1185 522 1272 διαδοχῆς,
542 1187 678 1272 ἐκείνην
688 1211 725 1254 τε
737 1186 916 1274 παρέμεινε
929 1180 992 1271 τὴν
1003 1176 1141 1273 ἡμέραν

161 1285 218 1354 καί
236 1279 299 1371 τῆν
317 1285 478 1355 ἐπιοῦσαν
494 1281 616 1356 νύκτα·
647 1289 689 1376 τῇ
708 1281 743 1355 δ’
763 1287 840 1376 ἑξῆς
860 1282 968 1377 ἡμέρᾳ
985 1282 1079 1379 κόπω
1095 1310 1141 1354 τε

162 1387 220 1456 καὶ
237 1382 404 1476 τραύμασι
420 1387 489 1456 των
506 1393 675 1477 πολεμίων
692 1389 748 1456 καὶ
766 1383 936 1478 ἀγρυπνία
953 1382 1137 1477 άπειρηκό-
1155 1403 1185 1451 1·

160 1517 241 1575 των,
262 1486 423 1577 ἐγκρατὴς
440 1494 568 1576 γίνεται
584 1493 645 1559 τού
662 1486 814 1579 χάρακος.
842 1493 877 1559 οί
892 1489 930 1559 δέ
952 1495 1139 1580 Τυρρηνοί,

163 1584 208 1670 ὥς
227 1588 321 1660 εἶδον
339 1593 573 1678 ἐπιβαίνοντας
590 1588 658 1679 ῆδη
675 1587 753 1714 τρύς
773 1583 953 1679 Ῥωμαίους
978 1605 1049 1670 τοῖς
1075 1615 1139 1658 πε·

113 1704 145 1752 15
164 1689 448 1784 ρισταυρύμασιν,
469 1690 708 1774 ἐκλιπόντες
674 1719 713 1762 το
730 1690 958 1782 στρατόπεδον
975 1698 1138 1782 ἔφευγον,

164 1795 277 1882 οίμέν
294 1791 394 1874 είς
359 1821 421 1882 την
434 1791 549 1916 πόλιν,
566 1789 652 1864 οιδ’
673 1800 720 1873 είς
736 1821 778 1862 τα
763 1790 973 1880 πλησίον”
953 1821 1025 1882 ορη.
1050 1789 1140 1862 ταύ-

163 1924 226 1984 την
243 1883 366 1984 μέν
323 1922 388 1967 ουν
405 1891 467 1985 τῆν
484 1893 614 1986 ἡμέραν
631 1897 733 1966 έν
685 1924 732 1988 τφ
750 1892 869 2067 χάρακι
882 1921 951 1966 των
963 1900 1140 1984 πολεμίων

165 2005 299 2085 έμεινεν
316 1990 334 2063 5
352 1992 494 2077 ὕπατος·
513 2024 554 2087 τη
542 1994 602 2066 δ
619 1994 724 2084 έξῆς’
706 2002 770 2087 ημέ
770 2026 813 2089 ρηι
826 1994 1044 2085 στεφανούσας
1056 1993 1138 2080 τούς

165 2092 428 2187 ἀριστεύσαντας
446 2100 540 2168 ἐν
500 2124 540 2188 τη
558 2096 647 2188 μάχη
670 2116 743 2179 ταῖς
767 2096 1045 2192 ἐκπρεπεστάταις
1068 2104 1138 2168 δω·

114 2212 149 2261 20
167 2213 278 2288 ρεαῖς,
299 2196 407 2269 πάντα
424 2197 465 2269 τά
483 2203 781 2289 ἐγκαταληφθέντα
799 2203 837 2271 ἐν
852 2206 899 2293 τῷ
917 2198 1036 2290 χάρακι
1052 2193 1139 2270 ύπο-

165 2298 260 2389 ζύγιά
277 2327 313 2370 τε
331 2303 387 2371 καί
405 2298 603 2393 ἀνδράποδα
622 2304 678 2372 καί
696 2297 822 2390 σκηνάς
838 2304 974 2372 πολλῶν
991 2300 1139 2389 ἀγαθῶν

164 2400 332 2493 γεμούσας
356 2417 426 2485 τοῖς
449 2402 665 2494 στρατιώταις
688 2408 872 2493 ἐχαρίσατο.
921 2404 980 2473 καί
1002 2405 1138 2491 ἐγένετο

165 2508 202 2575 έν
220 2506 327 2595 πολλῆ
344 2501 487 2597 εὐπορίᾳ
504 2504 541 2575 τὸ
554 2507 623 2575 ταῖν
635 2499 806 2595 Ῥωμαίων
817 2503 1018 2594 στράτευμα,
1036 2502 1082 2584 ὡς
1100 2507 1137 2587 ἐξ

165 2602 324 2695 ούδεμιᾶς
343 2607 456 2697 ἑτέρας
474 2604 607 2675 πύποτε
624 2605 740 2697 μάχης.
776 2601 994 2697 ἁβροδίαιτον
1009 2606 1074 2694 γὰρ
1092 2602 1137 2693 δὴ

112 2717 146 2765 25
163 2710 220 2776 καί
244 2708 421 2788 πολυτελές
445 2705 481 2777 τὸ
504 2716 573 2777 τῶν
597 2712 781 2798 Τυρρηνῶν
806 2715 906 2789 ἔθνος
930 2698 972 2796 ἡν
995 2718 1081 2778 οίκοι
1098 2713 1136 2776 τε

164 2809 221 2878 καὶ
240 2808 294 2877 ἐπὶ
311 2810 554 2903 στρατοπέδου,
580 2804 837 2899 ύπεραγάμενον
861 2812 924 2893 ἔξω
941 2812 1010 2879 των
1027 2804 1130 2896 άναγ-
1148 2829 1186 2879 ιι

164 2915 270 2980 καίων
287 2907 435 2981 πλούτου
452 2912 562 2981 τεκαὶ
579 2912 696 3002 τέχνης
709 2919 791 3002 ἐργα
803 2928 947 2982 παντοία
959 2909 1042 3001 πρὸς
1055 2904 1135 2997 ἡδο·

164 3012 226 3091 νὰς
243 3013 500 3101 μεμηχανημένα
518 3015 574 3083 καί
591 3009 730 3104 τρυφάς.

241 3111 345 3181 XVII.
386 3123 465 3194 Ταῖς
490 3111 520 3182 δ’
548 3117 623 3201 ἑξῆς
653 3109 791 3205 ἡμέραις
820 3111 1038 3203 ἀπειρηκότες
1066 3109 1135 3200 ῆδη

115 3233 149 3283 30
166 3228 235 3293 τοῖς
260 3230 374 3294 κακοῖς
397 3220 433 3283 oc
455 3210 655 3285 Οὐιεντανοί
690 3214 768 3298 τοὺς
792 3215 1045 3307 πρεσβυτάτους
1067 3217 1137 3284 των

166 3317 312 3383 πολιτων
331 3320 497 3405 ἱκετηρίας
514 3319 680 3406 φέροντας
696 3314 898 3387 ἀπέστειλαν
916 3311 962 3397 ὥς
974 3314 1035 3386 τδν
1049 3312 1136 3385 ύπα-

165 3440 226 3485 τον
241 3412 328 3505 ὑπὲρ
345 3419 404 3502 τῆς
423 3414 556 3506 είρῆνης
581 3419 845 3506 διαλεξομένους.
881 3419 939 3489 καὶ
962 3423 998 3489 οί
1012 3414 1136 3507 ἄνδρες
