2384 3850
445 101 643 162 ψ-κ-
981 100 1021 164 13

7 301 12 315 „
37 267 362 360 παραπορευόμεναι
378 275 586 360 παιδαγωγοὶ
611 287 771 362 γυναῖκες
791 271 946 345 σκιάδεια
961 275 1019 345 καὶ

38 375 184 462 ῥιπίδας
201 378 413 462 κομίζουσαι,
434 374 491 444 καὶ
510 381 629 444 ἔλουον
646 369 769 456 αὐτοὺς
786 365 884 445 αὗται
901 377 1020 458 κτένας

39 479 96 553 είς
118 471 160 544 τά
182 479 345 560 βαλανεῖα
368 477 532 564 φέρουσαι
560 478 617 546 καὶ
645 473 763 565 μόρων
787 473 1019 568 ἀλαβάστρους

7 575 103 646 3καὶ
121 571 297 665 κάτοπτρα.
324 574 462 667 τοιαότη
479 583 695 669 διαφθείρων
711 573 828 668 άχωμη
844 576 922 659 τοὺς
939 593 1020 648 παϊ-

40 682 110 757 δας
128 678 190 758 ἕως
209 675 469 769 ἐκπληρώσωσιν
488 676 639 749 εἰκοστόν
657 686 740 769 ἔτος,
759 677 819 748 τὸν
835 676 901 748 άπὸ
918 683 1019 750 τοῦδε
1054 702 1071 752 σ

38 774 170 870 χρόνον
188 783 235 859 είς
250 774 376 869 ἄνδρας
395 791 447 850 εία
460 789 578 851 τελεῖν.
606 777 764 851 πολλὰδὲ
780 781 836 850 καὶ
848 775 933 849 άλλα
946 789 1021 850 Κυ-

39 884 158 968 μαίοις
176 882 356 970 ἐνυβρίσας
380 883 436 950 καὶ
454 878 710 972 λωβησάμενος,
735 883 792 951 καὶ
817 877 897 951 οὔτε
919 876 1020 952 άσελ-

39 977 195 1068 γείας”
153 1007 232 1050 ουτε
244 979 410 1104 ωμότητος
421 980 579 1077 οὐδεμιάς
592 978 831 1073 άποσχόμενος,
843 979 899 1058 ὅτε
913 979 1020 1073 άσφα·

41 1085 115 1162 λως
151 1085 301 1173 κατέχειν
334 1078 552 1173 νπελάμβανε
581 1081 643 1173 την
665 1090 852 1179 τυραννίδα
883 1083 1020 1175 γηραιός

41 1212 98 1253 ων
114 1178 198 1273 ἤδη,
223 1190 318 1265 δίκας
343 1191 453 1257 ἔτισεν
475 1183 516 1255 οὐ
539 1182 689 1274 μεμπτὰς
711 1197 806 1268 θεοῖς
828 1214 866 1257 τε
888 1182 981 1256 κάλ’
961 1215 1019 1256 αν·
1039 1208 1072 1256 10

40 1281 201 1392 θρώποις
217 1284 391 1456 πρόρριζος
409 1282 623 1376 ἀπολόμενος.

125 1385 198 1454 X.
216 1393 311 1458 Οίδ
312 1385 594 1469 ’ἐπαναστάντες
624 1386 717 1482 αότφ
704 1390 799 1459 καὶ
828 1386 890 1479 τὴν
921 1387 1020 1459 πόλιν

45 1485 380 1577 ἐλευθερωσαντες’
363 1489 428 1560 απὸ
452 1492 510 1578 τῆς
533 1464 749 1610 τυραννίδος
761 1517 794 1559 οι
786 1494 931 1569 ’παῖδες
953 1518 1022 1614 τωη

44 1591 313 1680 πεφονευμένων
342 1585 404 1661 ὑπ’
429 1588 535 1661 αὐτοῦ
557 1593 703 1660 πολιτων
726 1579 830 1678 ἦσαν,
862 1617 921 1668 ους
944 1588 1017 1659 κατ’

44 1687 152 1780 ἀρχάς
165 1686 313 1773 ἅπαντας
325 1689 521 1763 ἀποκτεῖναι
540 1695 576 1762 έν
589 1688 698 1813 ημέρα
710 1720 770 1784 μιη
754 1687 1020 1781 ’προελόμενος
1041 1719 1073 1767 15

47 1794 190 1882 ἐπέσχεν
219 1813 330 1882 ωσπερ
354 1788 488 1882 ἔφην
468 1791 535 1863 υπὸ
561 1799 631 1864 τῶν
653 1789 949 1882 σωματοφυλάκων
971 1788 1023 1874 οἷς

48 1899 157 1965 ἔδωκε
183 1889 240 1977 τάς
267 1897 409 1985 μητέρας
440 1891 552 1966 αὐτόν
577 1899 831 1987 ἐκλιπαρηθείς,
863 1895 919 1965 καὶ
944 1892 1018 1967 κατ’

46 1992 173 2085 άγροδς
191 1994 351 2079 κελεύσας
370 2002 563 2087 διατρίβειν.
598 1994 723 2087 ὀλίγοις
742 1999 781 2068 δὲ
798 2004 906 2068 ἔτεσιν
923 1994 1024 2069 ὕστε-

46 2126 128 2188 ρον,
155 2095 329 2224 ἐπειδη
293 2126 351 2181 τας
375 2097 489 2189 κόμας
514 2096 648 2182 διεξιων
665 2098 793 2188 πολλὴν
812 2100 868 2169 καὶ
886 2093 1023 2187 άχαθην

48 2197 211 2270 ε’ἶδεν
171 2228 283 2271 αντων
314 2196 471 2289 νεότητα,
508 2206 621 2283 δείσας
652 2230 697 2289 μη
723 2197 1022 2321 συμφρονησαντες
1039 2225 1074 2275 το

49 2296 340 2373 έπαναστωσιν’
301 2330 391 2372 αυτω
409 2300 541 2391 φθάσαι
560 2298 894 2392 διαχειρισάμενος
872 2326 1022 2382 απαντας

9 2400 210 2491 34έβοόλετο
227 2406 308 2495 πρὶν
326 2406 508 2475 αἰσθέσθαι
526 2401 617 2473 τινά
644 2403 702 2472 καὶ
720 2398 926 2524 παραλαβων
942 2398 1022 2482 τούς

48 2511 172 2593 φίλους
191 2503 323 2576 ἐσκόπει
339 2503 410 2595 μετ’
432 2502 544 2575 αὐτων
559 2502 605 2574 δι’
626 2508 703 2574 οιου
719 2499 845 2594 τρόπον
863 2499 969 2595 ῥᾷστά
985 2530 1024 2572 τε

49 2607 108 2677 καὶ
125 2603 261 2696 τάχιστα
278 2604 441 2689 λαθόντες
452 2602 742 2696 ἀναιρεθήσονται.
761 2605 859 2675 τοῦτο
877 2624 1023 2695 καταμα-

49 2705 172 2787 θόντες
189 2713 224 2791 ολ
233 2705 368 2795 παῖδες,
388 2718 455 2778 εἴτε
472 2709 628 2797 μηνυθὲν
644 2704 711 2778 ὑπὸ
727 2709 797 2777 των
814 2705 1022 2779 συνειδότων
1040 2732 1074 2781 εσ

50 2805 154 2897 τινός,
164 2805 330 2881 είτεαότοὶ
340 2806 423 2879 κατά
435 2806 494 2880 τόν
502 2813 614 2880 ἐκτῶν
626 2805 1023 2899 είκότωνλογισμόυὺπσ

50 2908 268 2999 τοπήσαντες,
288 2909 474 3001 φεύγουσιν
493 2908 593 2992 είς
556 2940 597 2981 τα
614 2908 676 3002 όρη
689 2907 748 2981 τόν
759 2937 956 3032 γεωργικρν
964 2905 1023 2998 άρ-

52 3008 218 3093 πάσαντες
228 3003 418 3105 σίδηρον
395 3041 479 3101 ηκον
479 3013 526 3083 δὲ
535 3008 650 3094 αυτοῖς
658 3007 967 3103 ἐπίκουροικατα
926 3038 1023 3133 ταχος

53 3118 87 3181 οί
109 3116 415 3207 ίνδιατρίβοντεςέ
415 3144 436 3185 ν
454 3113 578 3205 Καπόη
596 3119 763 3205 Κυμαίων
780 3100 1023 3202 φυηάδες,ων

53 3236 140 3301 ησαν
171 3216 430 3305 ἐπιφανέστατοί
461 3244 496 3287 τε
530 3218 587 3287 καὶ
620 3220 796 3296 πλείστους
827 3216 1023 3305 Καμπανῶν
1040 3236 1074 3285 30

55 3321 184 3405 ἔχοντες
202 3319 353 3401 ξένουςο
356 3315 633 3407 ίἹππομέδοντος
651 3321 770 3398 παῖδες
787 3343 848 3386 του
864 3310 949 3385 κατά
965 3311 1025 3383 τόν

59 3417 268 3511 Τυρρηνικὸν
289 3418 558 3508 ίππαρχησαντος
575 3417 733 3506 πόλεμον,
752 3412 850 3485 αὐτοί
867 3442 904 3485 τε
923 3413 1025 3484 ωπλι-
