2384 3850
460 131 659 190 „5..

78 305 361 392 ἐπιτηδειοτέρους
382 297 788 390 ὑπερθεμένουηαιρούς.
822 305 996 389 προθυμία
1013 325 1049 368 τε

15 427 69 480 9931
79 406 183 495 πολλή
214 411 315 476 πᾶσιν
339 407 480 475 ἐνέπεσε
506 400 760 492 τιμωρήσασθαι
784 398 862 482 τούς
892 405 1050 488 ἐπιστρα-

75 507 256 589 τεύσαυτας
275 513 314 598 τῇ
335 507 430 576 πόλει
449 504 531 596 κατά
552 502 611 574 τὸν
627 507 686 592 τῆς
700 501 804 574 νόσου
824 500 957 588 καιρόν·
993 503 1049 571 καλ

77 606 196 680 αὐτίκα
214 614 271 698 τής
289 612 413 696 βουλῆς
437 609 673 696 ψηφισαμένης
695 608 752 675 καλ
776 608 839 676 τού
862 601 971 692 δήαου
989 601 1048 673 τὸν

76 705 223 799 πόλεμον
250 709 518 796 ἐπικυρώσαντος
536 705 784 796 κατεγράφοντο
798 703 856 786 τάς
876 702 1083 791 δυνάμεις,ὄ

75 810 214 892 οὐδενὸς
241 815 309 881 τῶν
334 809 478 900 ἐχύντῶν
497 808 741 898 στρατεύσιμον
767 804 902 897 ήλιιιίαν
919 803 1001 876 οὐδ’
1020 817 1054 877 εἴ

75 943 152 984 τινα
169 912 187 984 ὁ
205 912 305 1002 νόμος
323 911 470 983 άπέλνεν
493 909 666 996 ἀξιοῦντος
689 916 818 998 ἐκείνης
837 906 1048 996 άπολειφθῆὑ

75 1045 131 1086 ναι
144 1021 203 1103 τῆς
216 1024 396 1102 στρατείας·
416 1021 619 1102 νεμηθείσης
633 1015 670 1083 δὲ
681 1017 777 1101 τριχῇ
789 1015 848 1101 τής
861 1008 1049 1098 δυνάμεως,

74 1125 135 1206 μία
147 1119 215 1206 ’μὲν
231 1115 424 1205 ὑπελείφθη
449 1113 631 1204 φυλάττειν
653 1111 715 1202 τήν
734 1112 849 1200 πόλιν,
873 1103 912 1200 ἧς
939 1106 1050 1201 ἡγεῖτο

76 1217 217 1300 Κόιντος
236 1219 380 1302 Φούριος
398 1215 485 1306 ἀνὴρ
504 1215 680 1298 ὑπατικός
707 1223 745 1307 αλ
761 1218 797 1285 δέ
817 1213 879 1285 δύο
895 1212 959 1284 σύν
980 1228 1049 1292 τοῖς
1068 1222 1100 1270 10

62 1317 215 1408 ,ὑπάτοις
238 1324 380 1406 ἐξήλθον
401 1323 458 1388 ἐπί
473 1345 508 1386 τε
526 1315 697 1398 Αἰκανούς
721 1320 778 1386 καλ
803 1314 1048 1394 Οὐολούσκους.
1178 1314 1180 1321 ’

74 1419 111 1491 τύ
132 1422 169 1490 δέ
187 1419 268 1543 5555
291 1421 463 1489 τοῦτοκαὶ
487 1413 553 1489 ύπό
572 1422 640 1488 τῶν
659 1426 830 1506 πολεμίων
847 1425 966 1506 ἐτυχευ
982 1413 1049 1504 ήδη

75 1521 222 1610 γεγονός
253 1516 350 1609 ήμεν
364 1518 427 1608 γάρ
452 1528 609 1607 κρατίστη
634 1515 819 1644 δύναμις’
800 1513 861 1640 αφ’
891 1519 1050 1606 ἑκατέρου

75 1629 146 1694 τῶν
164 1628 277 1693 ε’θνῶν
294 1625 510 1693 συνελθοῦσα
523 1617 706 1741 ὑπαίθριος
721 1611 763 1708 ἦν
775 1617 842 1689 ύπο
829 1612 989 1689 δυσιν
971 1645 1050 1706 ηγε-

76 1724 165 1814 μόσι,
187 1728 242 1794 καλ
262 1720 435 1811 ἐμελλεν’
415 1720 480 1793 από
499 1727 556 1812 τῆς
571 1719 733 1808 Ερνίκων
750 1727 810 1810 γῆς
830 1726 867 1791 ἐν
884 1749 906 1843 5
922 1717 995 1789 τότε
1008 1709 1051 1806 ἦν
1070 1740 1102 1789 15
1181 1780 1182 1783 ,

16 1826 367 1913 193άρξαμέυηπάσαν
381 1821 871 1912 ἐπελεύσεσθαιτήνΡωμαίῶν
883 1818 1049 1909 ὑπήκοον
1178 1836 1183 1846 “

76 1960 97 2019 η
85 1919 195 1999 ο’δὲ
174 1956 273 2015 ηττον
293 1933 420 2015 ἐκείνης
434 1936 577 2016 χρησίμη
591 1956 631 1997 τα
619 1926 751 1997 οἰκεία
765 1922 984 2013 πολίσματα“
965 1950 1050 1992 υπε-

76 2039 204 2154 λείφθη
222 2028 422 2159 φυλάττειν,
441 2027 486 2118 μή
502 2059 550 2111 τις
565 2035 686 2118 ἔφοδος
698 2035 867 2118 αἰφνίδιος
881 2021 1071 2114 πολεμίῶῶ
1091 2021 1094 2025 ’

78 2131 131 2203 ἐπ’
162 2129 245 2201 αὐτά
263 2133 406 2250 με’νηται.
453 2129 535 2213 πρὸς
564 2136 668 2201 ταύτα
697 2133 953 2218 βουλευομένοις
982 2141 1051 2206 τοις

73 2226 244 2333 Ρωμαίων
260 2228 397 2311 ὑπάτοις
416 2230 524 2299 ἐδόκει
543 2230 715 2313 κράτιστα
721 2231 808 2299 εἶναι
825 2248 897 2311 ταῖς
913 2226 1052 2299 πόλεσιν
1069 2247 1103 2297 20

12 2372 13 2375 ¹
78 2334 192 2405 αὐτῶν
206 2335 339 2417 πρῶτον
352 2335 542 2451 ἐπιχειρεῖν,
551 2359 634 2400 κατα
621 2329 780 2399 τοιόνδε
792 2360 867 2400 τινα
855 2326 1051 2417 λογισμόν,

77 2434 130 2505 ὅτι
145 2430 385 2519 διαλυθήσεται
398 2430 435 2501 τό
454 2428 569 2501 κοινὸν
583 2429 700 2501 αὐτῶν
717 2430 922 2520 στράτευμα,
942 2437 973 2500 εί
990 2426 1049 2530 πύ

78 2550 208 2621 θοιυτο,
222 2539 353 2604 ἕκαστοι
376 2530 417 2603 τά
440 2540 549 2603 οἰκεία
574 2536 698 2614 ἐντοῖς
718 2529 901 2622 ἐσχάτοις”
883 2561 964 2602 οντα
982 2528 1051 2600 κιν-

80 2636 214 2719 δύνοις,
242 2640 297 2705 καλ
314 2633 401 2706 πολύ
420 2651 570 2723 κρεῖττον
588 2629 747 2724 ἡγήσεται
764 2630 804 2703 τά
822 2638 966 2724 σφέτερα
985 2630 1046 2702 σῶ-

81 2748 166 2825 ζειν,
192 2731 213 2825 5
237 2737 277 2807 τά
301 2742 370 2807 τῶν
387 2746 557 2825 πολεμίων
573 2746 744 2824 φθείρειν.
790 2734 973 2822 Λοκρήτιος
991 2735 1053 2822 μὲν
1070 2752 1104 2802 25

79 2832 143 2909 οὖν
162 2846 208 2920 είς
222 2838 283 2927 τὴν
297 2844 457 2911 Αἰκανῶν
477 2843 646 2928 ἐνέβαλεν,
664 2836 866 2924 Οὐετούριος
882 2838 919 2906 5
933 2844 980 2917 είς
993 2834 1056 2923 τήν

83 2938 317 3011 Οὐολούσκων.
347 2943 490 3013 Αἰκανοὶ
507 2942 569 3029 μὲν
587 2931 666 3027 ούν,
684 2937 724 3008 τά
742 2944 805 3022 ἔξω
824 2937 932 3008 πάντα
949 2933 1054 3005 ἄπολ-

83 3041 210 3129 λύμενα
228 3046 466 3129 περιορῶντες,
483 3042 546 3131 τήν
563 3041 663 3114 πόλιν
680 3043 734 3111 καλ
750 3038 790 3110 τά
802 3039 949 3131 φρούρια
964 3038 1055 3129 ελχον

89 3148 125 3215 ἐν
143 3147 288 3233 φυλακῇ.

162 3245 260 3315 LXX.
289 3240 496 3315 Οὐολοῦσκοι
516 3245 552 3315 δέ
570 3242 637 3315 ὑπό
649 3273 686 3315 τε
702 3242 853 3328 θράσους
871 3247 928 3313 καὶ
946 3240 1054 3312 αύθα-
1072 3259 1106 3308 39

85 3350 176 3429 δείας
190 3349 425 3433 προαχθέντες,
439 3350 500 3418 τού
511 3343 737 3431 τεῬωμαῑκοῦ
752 3344 996 3435 στρατεύματος
1010 3341 1055 3426 ῶς
1117 3376 1121 3380 ·

72 3444 145 3517 -ούκ
162 3446 341 3538 ἀξιομάχου
358 3444 453 3531 ὄντος
471 3447 556 3541 πρὸς
572 3446 610 3518 τύ
629 3450 759 3519 ἑαυτῶν
776 3452 906 3536 πλῆθος
924 3447 1056 3536 σνμφέ-
