2384 3850
433 57 631 142 -'Z·-
848 120 850 124 .
915 35 917 40 ⁵
984 85 1025 150 83

49 262 93 383 δη
112 257 305 394 παραδόξου
323 261 380 328 καλ
398 255 659 354 ἀπροσδοκήτου
669 251 830 388 φανείσης
851 261 906 330 ἐπὶ
925 267 1038 350 σφίσι
1181 301 1182 308 1

47 370 109 453 της
128 369 246 443 αἰτίας.
276 359 392 448 ἐπειδὴ
412 361 450 429 δέ
467 357 580 440 οὐδεὶς
599 357 711 430 ούκέτι
724 358 929 450 ἀπελογεῖτο,
949 361 1024 434 άνέ-

49 473 168 536 δωκαν
191 469 227 533 οί
249 461 413 582 δημαρχοι
434 460 497 551 τὴν
521 465 637 586 ψηφρν
659 479 731 546 ταῖς
755 471 877 551 φυλαῖς
900 471 1026 555 τίμημα

48 565 298 657 ἐπιγράψαντες
333 594 374 654 τη
409 569 487 655 δίκη
522 593 638 653 φνχην
672 561 801 652 άίδιον,
838 562 920 634 κατά
951 569 1025 649 δέος
1181 639 1182 652 ,

49 668 148 758 οἶμαι
165 670 225 737 τοῦ
247 663 292 756 μὴ
317 661 361 737 άν
383 659 511 736 άλοόναι
540 665 600 736 τὸν
623 662 732 755 άνδρα
754 663 907 737 θανάτου
934 664 1026 760 οὕτω
1060 690 1076 740 5

49 766 274 900 τιμησάντων.
304 796 349 849 ως
369 762 674 855 δέπεψήφισαν”
653 795 809 854 απαντες,
830 745 1027 858 διαριθμού-

50 875 167 962 μένων
193 873 264 940 τῶν
293 851 418 958 νήφων
447 866 488 938 οὐ
518 871 603 957 μέγα
633 866 670 939 τό
694 867 923 960 διάλλαγμα’
908 868 1026 994 εφάνη.

12 976 133 1063 εςμιάς
154 971 219 1059 γάρ
243 973 300 1040 καὶ
330 981 435 1041 εἴκοσι
462 967 537 1041 τότε
559 973 680 1059 φυλων
703 967 816 1044 ούσων
840 967 893 1054 αἷς
916 967 937 1061 ἦ
961 977 1029 1061 φη-

52 1103 119 1164 φος
137 1069 304 1161 ἀνεδόθη,
331 1068 388 1154 τάς
411 1067 624 1154 ἀπολυούσας
648 1071 757 1161 φυλάς
776 1079 874 1163 ἔσχεν
891 1068 909 1144 ὁ
926 1072 1030 1165 Μάρ-
1181 1155 1182 1164 2

12 1205 127 1257 ςτκιος
157 1175 269 1245 ἐννέα·
303 1171 388 1250 ὥστε
417 1180 448 1244 εί
479 1172 541 1245 δύο
570 1179 765 1264 προσῆλθον
793 1173 884 1270 αύτῷ
911 1182 1028 1264 φυλαί,
1048 1199 1080 1248 10

53 1276 113 1348 διά
148 1276 210 1363 τὴν
246 1282 434 1366 ἰσοψηφίαν
468 1272 625 1347 ἀπελύετ’
656 1271 698 1346 άυ
729 1272 840 1366 ὥσπερ
876 1276 893 1347 ὁ
929 1275 1030 1367 νόμος
1181 1275 1182 1298 ³

54 1377 163 1468 ἠξίου.

136 1478 238 1553 LXV.
268 1477 363 1568 Αὕτη
381 1475 496 1571 προύτη
513 1475 588 1549 κατ’
608 1475 736 1570 άνδρός
750 1487 928 1570 πατρικίου
947 1478 1031 1568 πρό-

54 1593 175 1671 κλησις
194 1588 242 1663 είς
259 1578 318 1652 τδν
335 1585 443 1670 δῆμον
462 1583 590 1668 ἐγένετο
611 1581 665 1649 ε’πλ
686 1585 771 1670 δίκη.
800 1583 855 1650 καλ
869 1578 930 1650 ἀπ’
949 1584 1031 1649 έκεί-
1181 1651 1182 1660 2

55 1713 123 1755 νου
152 1686 213 1755 τού
243 1681 366 1774 χρόνου
389 1699 460 1762 τοῖς
485 1678 629 1773 ὕστερον
653 1680 863 1772 λαμβάνουσι
886 1680 949 1772 τὴν
972 1684 1033 1752 τού
1051 1705 1083 1756 15
1181 1709 1182 1764 Ῑ

60 1783 171 1874 δήμου
195 1792 403 1876 προστασίαν
427 1793 506 1866 ἔθος
531 1785 671 1872 κατέστη
702 1794 819 1855 καλεῖν
842 1779 902 1866 οὓς
925 1781 1033 1868 δόξειε

57 1890 131 1958 των
153 1889 299 1959 πολιτῶν
326 1891 425 1977 δίκην
447 1887 633 1976 ὑφέξοντας
657 1889 712 1957 έπλ
735 1891 796 1959 τού
821 1885 944 1977 δήμου·
976 1888 1033 1957 καὶ

60 1990 206 2061 ἐνθένδε
229 1986 412 2081 άρξάμενος
435 1986 453 2059 ὁ
477 1991 581 2078 δημος
604 1986 695 2078 ἤρθη
718 1992 837 2080 μένας,
862 1985 940 2078 ἡδὲ
957 1987 1033 2081 άρι-

58 2099 241 2183 στοκρατία
271 2087 377 2161 πολλά
406 2093 467 2161 τού
492 2086 633 2180 ἀρχαίου
665 2089 848 2182 άξιιάματος
873 2090 1032 2180 ἀπέβαλε,
1181 2156 1182 2163 ,

12 2214 48 2263 σε
59 2197 191 2283 βονλης
206 2222 244 2265 τε
260 2194 409 2283 μετέχειν
428 2194 651 2284 ἐπιτρέπουσα
668 2211 737 2273 τοῖς
757 2201 958 2283 δημοτικοις,
976 2195 1033 2264 καὶ
1051 2219 1085 2267 το

57 2294 168 2384 άρχάς
193 2295 341 2384 μετιέναι
371 2300 610 2384 συγχωροῦσα,
643 2297 744 2416 λερφυ
770 2324 805 2364 τε
831 2301 1033 2383 προστασίας
1181 2286 1182 2303 ’

58 2393 248 2485 λαμβάνειν
266 2392 307 2467 ού
324 2394 519 2495 κωλύουσα,
539 2397 595 2464 καὶ
613 2392 677 2465 ὅσα
695 2392 779 2464 άλλα
796 2392 974 2483 τιμιάτατα
991 2422 1035 2482 ην

60 2500 122 2622 καὶ
142 2504 212 2568 ἴδια
228 2527 297 2569 των
315 2505 501 2587 πατρικίων
525 2494 640 2586 μόνων
663 2493 767 2567 άπασι
791 2499 1033 2585 κοινωσαμένη,

57 2728 99 2773 τε
127 2704 183 2772 και
210 2669 347 2790 σοφίας,
377 2689 515 2790 ὑπὲρ
487 2728 536 2772 ων
564 2696 648 2770 κατά
676 2698 735 2771 τὸν
766 2707 892 2824 οίκρῑον
916 2668 1034 2789 καιρὸν
1051 2724 1087 2773 τε
1181 2714 1182 2789 J

60 2808 141 2894 ἐρω.
181 2805 278 2873 τοῦτο
299 2800 467 2892 μέντοι
436 2830 472 2871 το
497 2808 592 2889 ἔθος,
625 2803 710 2891 λεχω
735 2800 830 2874 δὲ
797 2832 833 2873 το
858 2814 1036 2874 καλεῖσθαι

59 2904 144 2986 τούς
179 2907 215 2975 έν
238 2934 289 2995 τη
323 2902 420 2973 πόλει
452 2901 720 2983 δυναστεύοντας
757 2908 813 2975 ἐπὶ
844 2910 959 2992 δίκην,
996 2931 1036 2990 ης

60 3002 81 3079 ὅ
119 3009 223 3096 δῆμος
267 3009 393 3093 ἐγίνετο
440 3001 576 3094 κύριος,
619 3003 744 3085 πολλάς
785 3000 830 3075 άν
872 3002 1038 3096 παράσχοι

60 3106 177 3197 λόγων
202 3104 355 3198 άφορμάς
384 3122 454 3187 τοῖς
481 3109 633 3178 ἐπαινεῖν
661 3104 744 3177 ιἰύτδ
774 3110 989 3196 βουλομένοις
1014 3100 1037 3194 ἢ

61 3214 192 3299 ψέγειν.
237 3210 354 3280 πολλοὶ
384 3208 447 3297 μέν
470 3206 535 3297 γάρ
553 3204 621 3295 ἤδη
639 3210 736 3278 καλοὶ
761 3212 817 3278 καὶ
835 3207 959 3297 ἀγαθοὶ
977 3204 1034 3277 άν-
1056 3232 1088 3280 30
1181 3194 1182 3247 T

65 3318 146 3404 δρες
164 3308 226 3383 ούκ
243 3307 318 3393 άξια
334 3312 396 3399 τη”ς
416 3306 535 3399 ἀρετῆς
560 3316 707 3397 ἔπαθον,
739 3314 882 3401 αἰσχράς
900 3312 956 3380 καὶ
974 3338 1034 3379 κα-

62 3419 136 3497 κῶς
157 3412 216 3493 τὰς
246 3411 354 3503 ψυχάς
383 3406 449 3481 ύπδ
472 3415 540 3482 των
572 3409 752 3502 δημάρχων
775 3410 1032 3500 ἀφαιρεθέντες·

808 3576 811 3582 .
842 3522 886 3583 6*
