2384 3850
416 69 712 146 .-υ-

124 260 235 331 ναμις·
261 245 326 312 νῦν
345 241 381 311 δὲ·
399 237 481 333 πρός
498 235 651 331 ἁρπαγάς
673 245 796 311 τετῶν
814 244 1098 330 έγκαταλειφθέν-
1119 261 1187 311 18<

123 373 192 414 των
211 347 248 414 ἐν
264 347 310 438 τῷ
328 340 448 433 χάρακι
463 341 676 434 τραπόμενοι,
694 345 750 413 καὶ
764 341 1012 413 άναπαάσειτά
1029 344 1103 415 οωΊ

123 472 211 536 ματα
218 443 344 533 δόντες,
356 444 503 534 μεγάλου
517 441 740 534 εὐτυχήματος
752 442 892 528 ἑαντοδς
903 446 1100 535 ἐστέρησαν.

123 551 165 639 τῇ
183 543 218 617 δ’
240 549 314 636 ἑξῆς
330 543 437 639 ἡμέρη
458 545 517 628 τάς
537 545 696 635 δυνάμεις
714 545 851 635 άγοντες
870 549 924 617 ἐπὶ
941 545 1103 635 τὴνῬοό-

7 718 9 722 .
90 665 107 742 ⁵.
124 679 208 738 μην,
233 652 297 720 καὶΙ
308 654 465 730 σταδίους
483 645 569 738 άμφὶ
587 647 664 731 τούς
683 651 862 720 ἑκκαίδεκα
879 644 1100 738 ἀποσχόντες,

114 749 200 840 ,ὅρος
225 755 257 834 ἐξ
285 741 325 820 οὗ
350 749 515 832 σύνοπτός
540 753 631 821 ἐστιν
657 745 804 840 ἡῬάμη
827 750 864 821 τὸ
888 748 1100 840 καλούμενον

121 849 284 923 Ἰάνικλον
302 851 627 941 καταλαμβάνονται·
646 849 732 924 ὅθεν
743 849 931 944 ὁρμώμενοι
942 851 1004 940 τὴν
1018 847 1099 923 Ῥω-

84 999 86 1008 ·
125 961 235 1043 μαίων
264 953 378 1043 χάραν
406 945 490 1043 ἦγόν
520 983 557 1024 τε
585 957 642 1024 καί
671 961 795 1044 ἔφερον
823 952 989 1025 ἀκώλυτοι
1013 954 1099 1024 κατὰ

125 1052 254 1142 πολλὴν
278 1060 346 1125 τῶν
364 1061 465 1127 ἔνδον
482 1051 689 1147 ὑπεροψίαν,
715 1058 811 1147 μέχρι
833 1058 896 1126 τοῦ
912 1060 1098 1145 παραγενέ-

75 1172 107 1221 10
126 1169 208 1226 σθαι
225 1153 284 1226 τόν
303 1159 416 1248 ἕτερον
433 1160 501 1227 ταῖν
518 1155 658 1228 ὑπάτων
674 1152 824 1247 Ὁράτιον
837 1154 962 1245 άγοντα
979 1157 1041 1246 τὴν
1059 1161 1099 1227 ἐν

54 1255 56 1258 ’
127 1254 353 1340 Οὐολούσκοις
380 1256 534 1347 δύναμιν.
570 1257 646 1330 τότε
670 1258 712 1348 δὴ
732 1264 832 1351 ἐντῷ
856 1254 1099 1346 άσφαλείῬω-

124 1363 215 1448 μαίοι
233 1366 429 1448 νομίσαντες
448 1361 552 1450 εἶναι,
577 1364 633 1430 καὶ
649 1358 713 1449 τὴν
730 1364 768 1431 έν
784 1364 827 1451 τῇ
843 1359 938 1431 πόλει
956 1357 1099 1450 νεότητα

124 1469 408 1551 καθοπλίσαντες,
439 1466 582 1551 ἐξῆλθον
607 1470 655 1544 είς
678 1460 740 1550 τὴν
761 1459 943 1553 ὕπαιθρον.
988 1460 1033 1544 ὡς
1057 1464 1098 1532 δὲ

124 1561 186 1650 την
203 1591 239 1634 τε
257 1562 393 1653 πρωτην
411 1562 520 1654 μάχην
538 1563 603 1635 άπὸ
623 1570 770 1634 σταδίων
787 1560 874 1634 όκτιδ
891 1567 949 1651 της
967 1562 1099 1644 πόλεως

74 1692 107 1742 νε
125 1663 343 1753 ποιησάμενοι
360 1663 450 1756 παρά
468 1664 504 1736 τὸ
522 1669 579 1755 της
596 1662 746 1747 Ἐλπίδος
771 1665 864 1755 ίερδν
882 1663 1042 1753 ἐνίκησάν
1058 1693 1098 1734 τε

125 1768 181 1837 καὶ
199 1762 395 1838 άπειόσαντο
407 1765 485 1848 τούς
497 1763 787 1857 ἀντιταξαμένους,
807 1769 862 1836 καὶ
874 1765 956 1855 μετά
970 1765 1098 1855 ταύτην

125 1859 227 1949 αὖθις
251 1870 347 1961 ἑτέρη
371 1876 501 1941 πλείονι
527 1869 670 1960 δυνάμει
693 1872 763 1940 τάν
791 1874 978 1960 Τυρρηνῶν
1002 1872 1097 1939 ἐπελ-

124 1969 259 2040 θόντων
293 1969 383 2059 παρά
419 1988 491 2051 ταῖς
514 1980 695 2053 Κολλίναις
730 1973 949 2060 καλουμέναις
973 1970 1098 2053 πάλαις

127 2068 368 2161 [ποιησάμενοι]
396 2074 553 2161 λαμπράς
578 2069 804 2161 ἠγωνίσαντο,
832 2072 912 2162 [καὶ]
932 2071 1097 2144 ἀνέπνευ-

74 2198 106 2247 20
125 2196 189 2242 σαν
207 2174 243 2241 ἐκ
261 2174 322 2261 τοι]
341 2174 437 2255 δέους
455 2172 564 2245 καὶτὸ
583 2178 769 2255 ἔτοςτοὺτο
788 2172 948 2247 ἐτελεύτα.

196 2273 304 2345 XXV.
336 2285 365 2345 Τ
363 2305 388 2369 μ
408 2270 440 2345 δ’
462 2278 536 2364 ἑξῆς
555 2284 621 2347 έτει
638 2278 716 2367 περὶ
727 2274 786 2358 τάς
797 2275 937 2363 θερινάς
951 2276 1096 2364 μάλιστα
1108 2289 1187 2342 1810

123 2375 430 2467 τροπάςΣεξτιλίου
441 2373 1098 2469 μηνόςπαραλαμβάνουσιτὴνὑπατείαν

124 2475 244 2569 άνδρες
258 2486 408 2571 ἔμπειροι
420 2481 585 2570 πολέμων,
605 2477 767 2569 Σερούιός
779 2506 815 2547 τε
826 2486 1025 2570 Σερουίλιος
1039 2482 1098 2549 καὶ

125 2572 236 2671 Αὖλος
251 2579 464 2671 Οὐεργίνιος·
478 2576 529 2663 οἷς
547 2576 564 2651 ὁ
582 2580 666 2672 πρὸς
682 2581 760 2662 τοὺς
783 2577 977 2671 Τνρρηνοός
995 2577 1097 2651 πόλε-

73 2706 106 2754 25
124 2710 183 2770 μος
208 2688 316 2751 καίτοι
339 2685 440 2771 μέγας
470 2684 526 2753 καὶ
549 2682 691 2772 χαλεπὸς
715 2680 765 2753 ω”ν
792 2680 913 2773 χρυσός
940 2685 1096 2772 ἐφαίνετο

124 2780 214 2875 παρά
236 2780 295 2854 τόν
320 2780 411 2864 ἐντός
434 2791 565 2873 τείχους
590 2784 825 2875 ἐξεταζόμενος.
862 2780 1013 2873 άσπόρου
1030 2781 1110 2873 γάρ,

123 2889 181 2974 τῆς
195 2883 304 2977 χώρας
324 2887 360 2955 έν
377 2886 423 2979 τῷ
442 2884 647 2973 παρελθόντι
665 2889 803 2977 χειμῶνι
822 2885 877 2956 διὰ
895 2885 954 2955 τὸν
973 2888 1097 2955 ἐπιτει-

124 2986 243 3076 χισμόν
261 2992 320 3058 τοῦ
338 2994 482 3076 πλησίον
499 2984 600 3076 ὅρους
618 2990 674 3058 καὶ
692 2988 751 3069 τάς
765 2992 1097 3077 σννεχείςκαταδρο-

124 3087 186 3177 μὰς
204 3092 399 3178 γενομένης,
417 3092 474 3159 καὶ
492 3086 575 3160 οὐδὲ
586 3094 656 3161 των
668 3087 824 3179 ἐμπόρων
838 3098 885 3159 ἔτι
898 3087 957 3172 τάς
967 3091 1097 3171 ἔξωθεν

7 3240 9 3249 ,
72 3205 106 3253 30
126 3187 371 3277 ἐπεισαγόντων
389 3186 529 3282 άγοράς,
548 3190 670 3273 σπάνις
689 3187 809 3280 ίσχυρά
827 3197 923 3261 σίτου
940 3189 1003 3279 τὴν
1016 3188 1098 3260 Ῥεά-

7 3310 8 3319 ’
124 3318 191 3379 μην
210 3292 347 3382 κατέσχε
364 3290 489 3381 μεστὴν
507 3284 615 3365 οὖσαν
631 3289 733 3382 ὄχλου
757 3294 817 3362 τοῦ
833 3321 870 3363 τε
887 3296 1096 3363 κατοικιδίου

124 3393 179 3461 καὶ
197 3397 257 3465 τοῦ
275 3394 542 3485 συνερρυηκότος
565 3396 602 3463 έκ
619 3397 688 3463 των
705 3390 829 3485 άγρῶν.
865 3398 934 3464 τῶν
951 3394 1014 3482 μὲν
1030 3392 1096 3484 γάρ
