2384 3850
471 47 668 108 -Θ-
995 44 1058 111 261

77 205 319 310 έφεστηκότων
325 216 477 291 κατόπιν·
493 217 649 304 ἐτάξαντο
660 218 726 312 γὰρ
735 217 917 308 έπδβάθος·
933 218 1060 310 ἐμπτύ-

25 346 132 397 Ιεοισει
152 325 263 412 πολλῇ
281 319 551 411 συνεργούμενοι.
578 320 752 392 πεσόντων
770 322 808 392 δέ
820 326 889 393 τῶν
903 326 1059 412 ἐπιφανε-

76 421 217 495 στάτων
247 425 416 513 λοχαγοδν,
448 418 469 513 ἡ
500 421 599 513 λοιπὴ
628 428 698 494 τῶν
723 418 893 513 Ῥωμαίων
916 420 1061 514 δύναμις

78 529 266 614 ἐγκλίνασα
280 531 425 616 ἔφευγεν
439 527 493 596 ἐπὶ
506 524 565 596 τὸν
578 523 722 617 χάρακα·
739 529 774 596 οί
785 523 816 596 δ’
833 521 1058 616 ἠκολούθουν,

77 628 139 697 καὶ
153 624 213 709 τάς
226 654 262 697 τε
276 633 419 717 σημαίας
433 622 545 698 αὐτοῖν
559 624 782 718 ἀφαιροῦνται
802 629 859 698 καὶ
872 626 950 708 τοὺς
959 655 1060 718 τραν-
1078 641 1095 694 5

78 735 205 818 ματίας
222 727 497 820 συλλαμβάνουσι
520 731 576 799 καὶ
600 733 669 800 τοῖν
686 730 817 819 νεκρῶν
832 735 984 817 γίνονται
1001 726 1061 799 κύ-

81 859 162 922 ριοι.
202 831 257 900 καὶ
275 839 552 914 κατακλείσαντες
576 827 698 912 αὐτοὺς
725 838 772 913 είς
789 836 987 920 πολιορκίαν
1004 833 1061 901 καὶ

82 929 130 1002 δι’
163 928 245 1021 ὅλης
266 935 325 1020 της
347 937 466 1024 λοιπῆς
488 929 614 1024 ἡμέρας
635 928 824 1024 προσβολὰς
841 929 1059 1022 ποιησάμενοι

81 1031 212 1115 πολλάς
229 1036 285 1104 καλ
303 1030 384 1106 οὐδὲ
400 1033 463 1125 τὴν
482 1030 586 1106 νύκτα
605 1030 757 1125 ἀφέντες,
778 1035 911 1126 αἱροῦσι
927 1030 987 1106 τόν
1004 1032 1061 1124 χά·

82 1164 173 1224 ρακα
194 1132 398 1210 ἐκλιπόντων
411 1132 513 1208 αὐτόν
531 1139 600 1208 τῶν
614 1143 726 1227 ἐνδον,
744 1140 801 1207 καλ
813 1141 965 1224 γίνονται
978 1145 1061 1206 πολ-
1079 1147 1111 1198 10

82 1240 156 1307 λων
174 1234 339 1325 σωμάτων
355 1267 392 1310 τε
410 1241 465 1310 καὶ
483 1235 663 1331 χρημάτων
681 1242 856 1330 ἐγκρατεῖς
859 1256 865 1270 ·
898 1236 979 1308 ούδδ
996 1236 1059 1326 γάρ

82 1336 386 1410 ἀποσκευάσασθαι
405 1339 550 1429 δύναμιν
568 1347 668 1428 ἔσχον
692 1343 729 1410 οί
750 1337 952 1428 φεύγοντες,
984 1333 1059 1431 ἀλλ’

83 1437 264 1529 ἀγαπητῶς
289 1437 374 1512 αύτά
391 1440 431 1512 τά
449 1438 587 1530 στόματα
611 1445 794 1530 διέσωσαν,
813 1438 894 1510 οὐδὲ
911 1439 951 1510 τά
974 1438 1061 1509 όπλα

86 1542 207 1613 πολλοὶ
225 1539 460 1631 φυλάττοντες.

163 1642 297 1712 XXIIII.
325 1651 371 1715 Οί
387 1641 419 1715 δ’
440 1648 476 1716 ἐν
493 1648 534 1735 τῇ
548 1640 655 1734 Ῥώμη
672 1641 787 1734 τήντε
804 1640 976 1713 ἀπώλειαν
992 1646 1061 1714 τῶν
1079 1655 1111 1706 15

86 1747 263 1836 σφετέρων
287 1747 343 1816 καὶ
373 1743 436 1837 την
466 1742 594 1818 ἅλωσιν
619 1752 681 1817 τοῦ
707 1743 850 1835 χάρακος
874 1742 1058 1834 μαθόντες·

85 1837 171 1936 ἧκον
188 1844 253 1937 γάρ
271 1852 306 1918 οἱ
322 1849 447 1941 προδιοι
466 1850 691 1930 διασωθέντες
710 1850 746 1917 έκ
763 1848 822 1938 τῆς
839 1849 964 1940 τροπῆς
981 1855 1060 1917 πολ·

86 1956 147 2038 λῆς
166 1956 216 2021 ἔτι
239 1948 360 2031 νυκτὸς
378 1948 499 2041 ούσης·
525 1957 572 2032 είς
589 1953 697 2041 μέγαν
714 1946 867 2042 θόρυβον
885 1946 998 2041 ὥσπερ
1017 1956 1061 2019 εί-

33 2048 145 2133 ιεοοκδς
168 2052 391 2141 κατέστησαν·
424 2053 480 2123 καὶ
505 2046 549 2134 οδς
576 2050 696 2123 αὐτίκα
715 2049 758 2141 δὴ
774 2049 863 2141 μάλα
880 2057 949 2123 τῶν
965 2060 1061 2122 πολε·

85 2159 176 2241 μίαν
200 2155 255 2223 ἐπὶ
279 2156 366 2242 σφοῖς
392 2154 637 2244 ἐλευσομένων,
665 2151 875 2244 ἆρπάσαντες
898 2151 940 2223 τά
963 2151 1060 2243 ὅπλα,
1079 2164 1112 2213 20

87 2259 122 2325 οί
138 2254 201 2343 μὲν
218 2253 258 2324 τά
275 2262 369 2345 τείχη
387 2252 691 2345 περιεστεφάνουν,
718 2259 755 2325 οἱ
771 2254 809 2323 δὲ
826 2254 891 2345 πρὸ
908 2258 977 2323 τῶν
995 2280 1062 2325 πυ-

87 2358 158 2425 λῶν
173 2354 340 2447 έτάξαντο,
360 2364 395 2429 οδ
411 2358 448 2428 δὲ
465 2355 506 2428 τά
523 2360 672 2448 μετέωρα
689 2358 746 2445 τῆς
760 2353 887 2437 πόλεως
900 2364 1060 2445 κατελαμ-

88 2453 242 2543 βάνοντο.
279 2449 323 2549 ἦν
341 2459 378 2529 δὲ
397 2457 519 2551 δρόμος
537 2455 675 2541 ἀτακτος
699 2454 765 2527 ἀνά
782 2453 845 2546 τὴν
862 2455 962 2527 πόλιν
978 2452 1061 2545 ὅλην

87 2560 145 2628 καί
169 2556 233 2649 βοὴ
257 2558 441 2651 συμμιγής,
473 2564 529 2631 καὶ
554 2564 609 2632 ἐπὶ
632 2578 702 2642 τοῖς
725 2562 854 2649 στέγεσι
871 2562 940 2629 τῶν
957 2564 1062 2629 οἴκων

88 2666 137 2741 είς
159 2656 266 2749 ἀλκὴν
289 2665 345 2734 καὶ
368 2660 484 2750 ἀγῶνα
502 2658 664 2753 εὐτρεπὴς
687 2657 706 2732 δ
729 2667 929 2743 κατοικίδιος
952 2657 1060 2751 όχλος,
1078 2670 1112 2719 25

88 2768 217 2853 πυρσοί
239 2790 275 2832 τε
299 2781 468 2853 συνεχεῖς,
499 2760 553 2834 οἷα
579 2762 621 2852 δὴ
648 2768 685 2834 ἐν
710 2765 808 2835 νυκτὶ
832 2771 970 2855 σκοταίᾳ
994 2757 1060 2833 ύπδ

89 2862 278 2953 λαμπάδων
295 2867 351 2935 καὶ
369 2862 433 2936 ἀπό
451 2868 559 2954 τεγοδν
572 2868 725 2937 τοσούτοι
738 2861 775 2936 τδ
784 2868 914 2954 πλῆθος
926 2860 1061 2954 ᾔροντο,

91 2962 177 3036 ὥστε
194 2966 345 3055 συναφές
370 2966 457 3037 εἶναι
483 2972 597 3038 δοκεῖν
620 2983 689 3049 τοῖς
707 2963 887 3058 πρόσωθεν
904 2962 1007 3056 ὁρῶσι
1023 2960 1061 3035 τδ

88 3068 186 3149 σέλας
213 3070 270 3139 καὶ
295 3064 397 3151 δόξαν
421 3069 695 3160 ἐμπιμπραμένης
718 3065 846 3149 πόλεως
864 3081 1059 3159 παρασχεῖν.

89 3169 145 3238 καὶ
163 3174 195 3238 εί
210 3171 285 3240 τότε
302 3174 338 3240 οί
356 3172 601 3261 Τυρρηνοδτῶν
612 3172 719 3241 έκτού
731 3167 874 3260 χάρακος
888 3165 1061 3259 ἀφελειοῖν
1077 3178 1113 3231 30

89 3264 305 3361 ὑπεριδόντες
331 3273 367 3341 ἐκ
391 3268 494 3354 ποδός
518 3288 587 3353 τολς
605 3269 793 3360 φεύγουσιν
809 3267 1059 3361 ἠκολούθησαν,

90 3368 201 3443 ἀπασα
220 3367 263 3443 ἀν
282 3374 468 3464 διέφθαρτο
491 3370 512 3463 ἡ
530 3372 762 3465 στρατεύσασα
786 3368 838 3443 ἐπ’
858 3368 981 3453 αύτούς
1000 3369 1060 3441 δό-
