2384 3850
184 132 244 196 164
570 134 776 193 -H-

181 305 239 378 τόν
264 303 381 376 λοιπόὺ
409 308 488 394 ἐβίω
513 303 636 396 χρόνον
655 301 774 387 εὑνονς
799 301 847 377 66
870 313 911 399 τῇ
937 316 1073 401 πατρίδι
1097 311 1144 378 καὶ

182 415 290 499 φίλος.

234 510 271 578 L.
286 506 392 580 ’Έστω
412 506 443 578 δ’
464 498 527 579 οὑν
544 504 646 597 ὅμως,
665 511 721 578 καὶ
740 506 895 580 δεδόσθω
913 526 983 593 τοίς
1000 509 1043 581 τά
1063 509 1147 581 δεινὰ

184 615 334 683 παθοῦσι
362 608 407 700 μὴ
438 615 625 701 διακρίνειν
658 619 725 679 εἴτε
755 617 871 700 φίλιον
896 622 948 701 είη
977 611 1015 683 τδ
1047 616 1147 693 κακῶς

151 710 348 804 οδεδρακὸς
379 721 446 782 είτε
470 708 673 800 ἀλλότριον,
694 709 768 781 ἀλλ’
799 724 877 801 ίσην
900 712 983 804 πρὸς
1007 712 1146 794 ἅπαντας

184 813 290 908 ὀργὴν
314 821 419 905 ἔχειν·
453 821 566 884 ἔπειτα
589 810 652 902 οὐχ
679 811 802 894 ίκανδις-
826 817 1046 911 εἰσπέπραξαι
1069 811 1148 903 παρά

184 921 252 988 τών
269 912 484 1007 ὑβρισάντων
501 936 538 985 σε
558 920 653 997 δίκας
671 917 737 1002 γῆν
753 942 789 984 τε
807 911 919 986 αὐτῶν
935 914 999 1005 τὴν
1016 916 1148 1005 ἀρίστην

185 1016 375 1104 πεποιηκοδς
389 1014 576 1105 μηλόβοτον
589 1018 645 1085 καί
660 1012 772 1097 πόλεις
783 1016 1067 1108 διαπεπορθηκοδς
1077 1039 1147 1106 σνμ·

187 1123 339 1209 μαχίδας,
359 1114 398 1198 δὶς
416 1125 551 1199 πολλοῖς
564 1115 680 1199 πόνοις
694 1114 895 1208 κτησάμενοι
908 1124 1084 1210 κατέσχον,
1103 1121 1148 1188 καὶ

138 1246 169 1294 10
186 1228 300 1309 τρίτον
329 1216 396 1307 ἤδη
426 1215 517 1288 τοῦτ’
548 1226 620 1301 ἔτος
646 1225 693 1300 είς
716 1217 844 1307 πολλὴν
866 1223 935 1290 τοῖν
951 1219 1148 1310 ’ἀναγκαίων

184 1318 445 1416 κατακεκλεικὼς
469 1316 631 1409 άπορίαν;
665 1317 749 1390 άλλά
767 1324 822 1390 καὶ
839 1322 935 1412 μέχρι
953 1318 1149 1412 ἀνδραποδι-

186 1428 272 1514 σμοὺ
290 1427 350 1511 της
367 1420 494 1503 πόλεως
512 1419 625 1492 αὐτῶν
642 1425 699 1491 καὶ
716 1426 931 1513 κατασκαφῆς
948 1423 1012 1513 τὴν
1026 1423 1148 1515 άμριαί-
1155 1434 1178 1485 16

187 1546 315 1598 νονσαν
341 1527 397 1594 καὶ
420 1526 627 1613 μαινομένην
654 1519 760 1613 ὀργὴν
788 1522 961 1612 προάγεις·
997 1529 1056 1595 καὶ
1078 1522 1148 1595 οὐδὲ

187 1628 266 1709 τοὺς
284 1627 500 1717 πεμφθέντας
518 1620 587 1694 ὑπὸ
606 1627 663 1712 της
681 1629 806 1714 βονλης
824 1628 980 1716 πρέσβεις
994 1621 1148 1718 φέροντάς

139 1752 172 1802 15
190 1753 244 1801 σοι
266 1733 335 1800 τῶν
357 1756 394 1798 τε
418 1724 633 1815 ἐγκλημάτων
650 1723 772 1815 άφεσιν
795 1728 851 1796 καὶ
875 1725 1028 1798 κάθοδον
1049 1729 1101 1797 ἐπί
1116 1723 1148 1793 τά

186 1838 292 1902 οίκεία
311 1836 431 1919 φίλους
457 1831 512 1897 καί
530 1824 682 1917 άγαθοὺς
701 1824 826 1919 ἄνδρας
845 1826 1006 1910 ἐλθόντας
1027 1823 1147 1916 ε’νετρά·
1177 1824 1178 1913 λ

187 1960 269 2055 της,
296 1928 377 2000 οὐδὲ
394 1929 472 2010 τοὺς
490 1935 608 2017 ἱερεῖς,
630 1927 689 2012 οὑς
706 1929 743 2000 τὸ
760 1940 953 2002 τελευταῖον
971 1924 1177 2022 ἔπεμψενη

188 2030 330 2120 πόλις,
315 2029 389 2120 ιερὰ
407 2034 575 2121 στέμματα
593 2035 720 2102 θεωνέ
719 2060 837 2122 χοντας
851 2035 908 2102 καὶ
921 2041 1176 2124 προτείνοντας

189 2132 348 2224 γηραιοὺς
368 2128 495 2223 ἄνδρας
512 2129 601 2221 [τούς
620 2140 687 2204 τῶν
707 2139 800 2204 θεῶν
818 2133 1008 2224 σεβασμοὺς
1029 2127 1145 2216 δ’δέξω]

136 2260 172 2309 20
190 2232 274 2305 ἄλλά
292 2237 348 2305 καί
365 2232 505 2315 τούτους
528 2230 719 2324 ἀπήλασας,
744 2234 908 2316 αὐθάδεις
931 2238 988 2305 καὶ
1008 2243 1146 2306 δεσποτι-

190 2337 249 2420 κάς
281 2336 327 2420 οδς
352 2340 609 2428 κεκρατημένοις
641 2333 833 2426 ἀποκρίσεις
861 2334 949 2418 δοός.
1004 2335 1068 2426 ἐγώ
1097 2333 1147 2422 μὲν
1173 2353 1174 2358 ’

189 2438 252 2511 οὐκ
270 2445 334 2529 ἔχω
351 2444 422 2520 πῶς
438 2441 602 2509 ἐπαινέσω
614 2441 718 2508 ταὺτα
727 2435 768 2507 τά
779 2434 906 2528 σκληρά
917 2442 974 2508 καὶ
984 2434 1147 2526 ὑπέραυχα
1171 2367 1174 2494 δ

97 2539 104 2544 ’
190 2545 246 2612 καὶ
259 2569 321 2629 την
333 2537 465 2666 θνητην
478 2538 583 2629 φύσιν
598 2538 802 2628 ἐκβεβηκότα
817 2535 1064 2630 δικαιωματα,“
1048 2540 1148 2628 ορῶσα

191 2640 386 2764 καταφνγρὶς
404 2640 589 2731 εὑρημένας
607 2641 732 2714 ἅπασιν
750 2638 944 2733 άνθρωποις
966 2644 1023 2711 καί
1041 2664 1147 2729 παραι-

142 2766 176 2816 25
194 2741 316 2831 τησεις,
335 2771 384 2811 ων
393 2772 436 2811 αν
448 2741 695 2833 ἐξαμαρτάνωσι
709 2746 786 2831 περὶ
799 2739 975 2831 ἆλληλους,
992 2745 1145 2829 ίκετηριας

193 2846 251 2916 καὶ
275 2841 367 2924 λιτάς
397 2840 505 2913 καὶ
471 2871 508 2912 το
532 2860 742 2934 καταφυγεῖν
767 2847 820 2914 ἐπὶ
842 2842 920 2924 τοὺς
938 2841 1146 2933 ηδικημένους

190 2976 227 3016 το
217 2941 388 3016 άδικοῦν
411 2942 615 3068 ταπεινόν,
611 2950 704 3017 θεν-όν
721 2940 803 3035 ημῖν
825 2948 930 3016 ταῦτα
952 2943 993 3015 τά
998 2953 1080 3070 ἔθη
1097 2967 1147 3011 κα·

190 3049 466 3168 ταστησαμένων
499 3044 561 3136 ὑφ’
588 3036 636 3118 οἷν
654 3055 850 3139 μαραίνεται
876 3051 966 3117 πᾶσα
990 3043 1072 3136 ὀρνη
1062 3041 1145 3112 καί

191 3148 266 3219 ἀντὶ
285 3153 347 3218 τοὺ
361 3156 492 3280 μισειν
491 3146 551 3218 τόν
569 3148 694 3239 ἐχθρὸν
713 3153 813 3219 έλεει
838 3146 916 3230 τοὺς
936 3149 974 3218 δὲ
991 3144 1146 3231 αὐθαδείᾳ

142 3271 181 3345 30ι
192 3242 420 3338 χρησαμένονς
438 3278 495 3319 και
483 3248 636 3330 λιτὺςί
635 3253 741 3320 κετοῐν
764 3248 987 3341 ὑβρίσαντας,
1012 3246 1144 3322 ἅπαντας

192 3351 445 3438 νεμεσωμένους
462 3347 527 3419 ὑπὸ
541 3353 635 3420 θεῶν
653 3352 708 3418 καὶ
729 3357 776 3432 είς
790 3350 964 3443 συμφοράς
984 3347 1146 3436 καταστρέ-

194 3476 320 3535 φοντας
338 3445 400 3519 οὐκ
419 3445 576 3537 εὐτυχεῖς.
605 3446 703 3518 αὐτοὶ
721 3449 783 3541 γὰρ
803 3451 844 3542 δὴ
863 3458 996 3542 πρῶτον
1006 3457 1048 3532 ,οί
1058 3451 1146 3523 mica
