2384 3850
475 78 674 138 -Θ,

81 251 232 340 στρατοῦ
255 250 311 317 καὶ
334 246 586 339 καταφρόνησιν
617 256 685 319 τῶν
713 247 869 339 ὑπάτων,
901 250 1057 336 δόξαντες

80 353 144 420 καὶ
158 347 195 421 τό
212 362 311 421 θείου
328 348 441 431 αὑτοῖς
455 367 652 440 συμμαχεῖν.
689 352 750 423 τοὺ
771 350 837 444 γάρ
852 354 973 445 Ιἑτέρου
990 359 1059 427 τῶν

80 447 224 523 ὑπάτων
241 458 368 522 Γναίου
387 460 545 523 Μαλλίου
563 451 725 543 κεραυνὸς
743 460 791 535 είς
808 452 845 524 τὸ
859 454 1060 546 στρατήγιον

82 551 241 643 ἐμπεσόν
278 550 342 641 τήν
371 559 408 624 τε
442 551 572 642 σκηνήν
597 556 756 626 διέσπασε
779 557 836 625 καὶ
858 553 920 644 τὴν
944 559 1059 629 ἑστίαν

81 653 249 744 ἀνέτρεφε
283 657 339 724 καὶ
374 658 443 725 τῶν
472 662 739 747 πολεμιστηρίων
773 652 888 727 ὅπλων
922 655 962 728 τά
996 659 1093 747 μένε

83 761 264 844 ἐσπίλωσε,
283 754 323 826 τά
341 757 379 827 δέ
396 759 607 848 περιέκαυσε,
631 757 672 827 τὰ
692 753 725 827 δ’
747 765 794 840 είς
817 762 910 840 τέλος
933 757 1058 880 ἠφάνι-

81 877 166 930 σευ
200 854 376 931 ἀπέκτεινε
398 858 438 929 δέ
455 857 559 929 καὶ
527 886 587 929 τον
609 856 842 949 λαμπρότατον
866 858 972 931 αὑτοῦ
990 864 1059 933 τοῖν

81 965 243 1083 ιππων,
231 988 258 1029 ω
277 956 368 1050 παρά
384 956 463 1041 τοὺς
479 957 613 1048 άγοίνας
633 963 761 1085 έχρήτρ,
787 963 929 1033 καὶτῶν
952 974 1059 1054 θερα-

83 1059 220 1131 πόντων
237 1059 338 1143 τινάς.
376 1059 547 1149 λεγόντων
562 1063 600 1133 δέ
617 1067 685 1133 τεόν
701 1059 854 1153 μάντεων
870 1066 930 1135 τοῦ
948 1090 984 1135 τε
1001 1063 1058 1185 χρί

82 1190 188 1250 ρακος
211 1161 338 1233 ἅλωσιν
361 1170 605 1252 προσημαίνειν
639 1162 716 1247 τοὺς
750 1161 852 1247 θεοὺς
893 1166 949 1236 καὶ
989 1193 1058 1237 των
1077 1188 1109 1237 10

83 1261 361 1352 ἐπιφανεστάτων
389 1260 544 1389 άνδρφν
555 1263 744 1355 άπεόλειαν,
782 1262 971 1391 άγαστήσας
995 1266 1057 1356 τήν

82 1360 272 1455 δύναμιν
256 1394 274 1436 ο
299 1362 494 1447 Μάλλιος’
475 1369 582 1455 απήγε
613 1369 691 1457 περὶ
718 1370 820 1457 μέσας
848 1366 971 1452 νύκτας
1003 1372 1057 1440 ἐπὶ

79 1464 144 1538 τὸν
162 1494 277 1558 ετερον
302 1465 432 1558 χάρακα
454 1470 510 1537 καὶ
532 1464 615 1558 μετά
633 1471 693 1539 τοῦ
717 1466 941 1567 συνάρχοντος
977 1497 1058 1539 κατ-

81 1571 379 1660 εστρατοπέδευσε.
415 1567 581 1659 μαθόντες
618 1560 680 1641 οὑν
720 1573 755 1639 οί
792 1562 961 1740 Τυρρίηνοὶ
995 1568 1057 1659 τήν

81 1667 317 1742 ἀπανάστασιν
333 1675 394 1741 τοῦ
412 1674 611 1760 στρατηγοῦ,
637 1673 692 1741 καὶ
717 1666 804 1740 δι’
790 1667 828 1752 dg
854 1698 908 1740 ατ
878 1677 962 1753 ίτίας
988 1673 1108 1760 &vg-12¹»

5 1788 71 1841 1752
82 1769 271 1862 νετοπαρά
287 1802 391 1843 τινων
407 1769 669 1862 αίχμαλοίτων’
649 1770 872 1860 ακοόσαυτες,
909 1770 1056 1865 ἐπήρθη-

81 1871 151 1945 σάν
184 1902 220 1946 τε
245 1889 318 1957 ταῖς
344 1871 492 1965 γνάμαις
516 1881 564 1946 ἔτι
587 1876 726 1970 μᾶλλον,
753 1869 796 1957 τός
831 1876 1056 1965 πολεμοῦντος

80 1993 156 2057 τοῖς
169 1970 340 2066 Ῥωμαίοις
362 1979 424 2047 τοὺ
442 1983 635 2068 δαιμονίου,
660 1979 716 2048 καὶ
734 1975 863 2066 πολλὴν
887 1975 977 2067 εἶχον
1001 1980 1057 2047 έλ-

82 2083 170 2149 πίδα
187 2076 368 2168 κρατήσειν
385 2075 513 2149 αὐτῶν·
549 2085 585 2150 οἵ
600 2108 636 2151 τε
650 2078 795 2170 μάντεις
817 2075 1056 2172 άκριβέστερον

81 2183 155 2250 τεόν
173 2177 298 2250 ἄλλοθί
318 2206 385 2250 που
404 2185 581 2264 δοκοῦντες
606 2182 797 2270 ἐξητακέναι
820 2178 861 2250 τά
883 2178 1055 2271 μετάρσια,
1074 2193 1108 2242 20

81 2277 196 2353 πόθεν
213 2308 248 2351 τε
266 2286 305 2352 αι’
318 2285 387 2353 τοῖν
399 2285 576 2373 κεραυνῶν
588 2289 740 2370 γίνονται
765 2283 863 2367 βολαὶ
886 2283 943 2350 καὶ
966 2288 1055 2363 τίνες

81 2381 208 2463 αὐτοὺς
224 2380 447 2473 ὑποδέχονται
463 2379 546 2472 μετά
567 2380 627 2463 τάς
656 2376 784 2472 πληγάς
815 2377 973 2463 ἀπιόντας
999 2379 1057 2450 τό-

81 2510 161 2572 ποι,
196 2489 289 2555 θεῶν
314 2513 350 2555 τε
369 2480 420 2566 οἷς
455 2488 587 2556 ἕκαστοι
622 2479 842 2554 ἀποδίδονται
872 2484 928 2552 καὶ
951 2489 1057 2554 τίνων

80 2581 229 2676 άγαθων
244 2582 266 2674 ἢ
283 2590 397 2656 κακῶν
414 2594 577 2677 μηνυταί,
603 2600 725 2678 χωρεῖν
751 2580 851 2676 ὁμόσε
868 2599 937 2665 τοῖς
955 2592 1057 2655 πολε-

79 2694 175 2777 μίοις
210 2712 386 2780 παρηνονν
421 2686 648 2812 διαιρρόμευοι
690 2684 727 2758 τό
770 2683 952 2812 γενόμενον
985 2701 1055 2767 τοῖς
1073 2695 1108 2746 25

74 2791 253 2914 Ρωμαίοις
275 2805 414 2880 σημεῖον
443 2789 525 2860 κατὰ
554 2786 644 2862 τάδε.
688 2786 857 2914 ἐπειδὴ
825 2818 862 2860 το
886 2791 1040 2879 βέλοςί
1008 2816 1056 2869 ες

80 2887 216 2961 ὑπάτου
240 2891 370 2982 σκηυην
397 2892 623 2981 κατέσκηψεν,
660 2881 756 2962 έν
731 2921 753 2982 η
788 2890 825 2962 τὸ
856 2887 1057 2978 στρατήγιον

82 2994 181 3080 ἐνῆν,
216 2995 272 3062 καὶ
294 2996 408 3063 πᾶσαν
431 2988 539 3081 αὑτήν
561 2989 638 3083 ἄχρι
659 2995 718 3080 τῆς
743 2993 853 3071 ἑστίας
876 2987 1055 3079 ἠφάνισεν,

80 3091 147 3184 ὅλη
166 3101 411 3184 προσημαίνειν
432 3090 469 3165 τό
494 3093 671 3184 δαιμόνιον
687 3096 730 3184 τῇ
752 3094 890 3185 στρατιᾷ
913 3096 972 3162 τοῦ
995 3089 1057 3182 χά-

81 3222 187 3285 ρακος
205 3201 356 3280 έκλειυιν
372 3202 432 3288 βία
455 3197 698 3285 κρατηθέντος,
723 3195 779 3265 καὶ
803 3223 871 3265 των
895 3196 1051 3282 έπιφανε-
1073 3215 1107 3264 30

82 3293 218 3366 στάτων
233 3295 389 3387 ὄλεθρον.
425 3298 513 3368 είὲ
472 3328 495 3386 μ
513 3326 534 3367 ν
551 3286 639 3467 οὑν,ί
652 3300 794 3384 ἔφασαν,
819 3303 955 3386 ἔμειναν
973 3284 1056 3364 έν
1028 3321 1055 3388 φ
1189 3299 1190 3304 ’

8 3413 74 3466 1753
83 3399 273 3486 κατέσκηψε
291 3397 453 3495 χωρίῳ
420 3427 458 3469 το
481 3399 578 3488 βέλος
603 3426 622 3468 ο
624 3398 852 3488 ίκατέχοντες
876 3392 975 3484 αὐτό,
999 3363 1057 3464 κάὶ
