2384 3850
454 114 655 173 ..6-

60 279 202 376 Μάρτιω
221 285 376 371 παιδίον,
396 284 451 352 καὶ
466 289 543 355 τοῦτ
547 282 711 356 εἶναι
677 314 714 355 το
728 285 910 377 λεγόμενον
929 293 966 360 ἐκ
982 295 1042 363 τού

60 391 213 472 Φαβίων
240 395 334 454 οίιιου
359 382 486 456 λοιπόν.
518 383 622 458 οὐδὲν
647 387 685 458 δὲ
709 387 833 459 κωλύει
856 395 902 484 τῷ
926 396 1041 520 μηκέτι

60 489 128 556 ταῖν
148 483 269 555 ἀλλων
289 489 437 574 ἐπιφανῆ
459 516 533 558 τινα
557 492 614 558 καὶ
636 486 790 578 λαμπρόν
808 494 869 574 ἔξω
886 496 948 561 τού
966 495 1040 578 ἕνδς

60 592 166 658 τοῦδε
199 583 437 676 ἀνδρωθέντος
468 591 628 678 γενέσθαι
665 589 793 682 ταύτην
829 598 1040 683 παραστῆναι

60 705 129 770 τοῖς
150 697 293 770 πολλοῖς
310 690 372 778 τὴν
390 687 541 778 δόξαν,”
522 720 573 762 οτι
591 690 692 782 μόνος
706 697 833 775 ἐκεῖνος
848 697 884 763 ἐκ
896 699 957 765 τού
971 706 1039 766 Φα-
1058 712 1073 760 0

61 798 151 877 βίων
172 793 295 879 γένους
313 792 382 862 ἐστὶ
401 790 529 873 λοιπός·
555 792 616 884 ούχ
634 790 680 875 ἀς
698 793 843 884 μηδενός
860 793 964 868 ἀλλον
981 795 1040 870 όν-

60 922 127 980 τος,
150 887 231 962 ἀλλ’
251 887 295 974 ἀς
313 892 457 982 μηδενὸς
477 896 616 977 ἐκείνοις
633 894 767 986 ὁμοίου·
779 893 888 989 ’ἀρετῇ
905 927 1040 988 τεκμαι-

61 997 223 1083 ρομένοις
240 993 277 1064 τὸ
295 999 467 1083 συγγενίς,
486 994 526 1066 06
538 994 655 1087 φύσει·
675 1001 732 1068 καὶ
745 1001 823 1091 περὶ
836 1000 899 1090 μὲν
912 998 1040 1073 τούτων

61 1092 169 1167 ταῦθ’
192 1094 300 1166 ίιιανά.

141 1193 343 1268 XXIII.O
315 1201 459 1287 Οίγοῦν
482 1203 650 1291 Τυρρηνοὶ
667 1201 744 1285 τούς
762 1231 798 1272 τε
821 1201 947 1293 ἀνδρας
966 1211 1040 1275 δια·
1060 1219 1091 1268 10

64 1309 275 1392 φθείραντες
293 1298 400 1370 καὶ
366 1329 402 1371 το
422 1304 516 1372 ἐν
476 1329 516 1391 τη
535 1305 690 1396 Κρεμέρα
708 1303 874 1394 φρούριον
890 1316 1042 1428 παραλα-

65 1401 204 1491 βόντες,
231 1400 340 1472 ἐπὶ
303 1431 365 1492 την
383 1400 488 1492 ἀλλην
506 1403 676 1529 στρατιάν
688 1411 757 1475 τῶν
770 1402 940 1494 Ρωμαίων
957 1397 1041 1495 ἦγον

21 1521 58 1572 000
65 1535 121 1586 τας
143 1502 316 1594 δυνάμεις.
344 1511 439 1594 ἔτυχε
459 1502 552 1575 δὲ’
513 1534 554 1576 ου
572 1535 704 1629 μακρμν
717 1514 1040 1597 κατεστρατοπεδευ-

66 1607 131 1689 ιιίτς
151 1605 169 1677 6
189 1610 300 1695 ἕτερος
317 1607 385 1678 τοῖν
407 1603 548 1678 ύπάτων
565 1605 738 1696 Μενήνιος
761 1603 879 1677 ούιίέν
895 1605 1042 1697 ἀσφαλεῖ

67 1716 197 1802 χωρίῳ
223 1710 280 1778 καὶ
304 1706 359 1778 ὅτε
377 1707 397 1798 6
418 1717 559 1799 Φαβίων
576 1714 756 1799 συγγένεια
774 1711 829 1779 καὶ
849 1709 885 1779 τδ
904 1720 1039 1781 πελατι-
1058 1725 1091 1773 15

67 1808 127 1880 κόν
146 1808 260 1880 αὐτῶν
273 1806 484 1900 ἀπώλλυντο,
501 1809 680 1900 τριάιιοντά
693 1840 760 1882 που
773 1817 931 1892 σταδίους
946 1808 1039 1884 ἀπεί·
1096 1857 1099 1864 -

68 1942 126 2000 χεν
149 1907 209 2002 ἀφ’
238 1902 278 1983 οὗ
301 1911 337 1983 τὸ
361 1910 471 1996 πόθος
496 1914 627 2002 ἐγένετο
651 1910 773 2002 τόπου,
805 1911 907 1997 δόξαν
924 1944 960 1986 τε
977 1912 1040 1987 οὐκ
1155 1979 1160 1986 .

68 2011 195 2103 ὀλίγοις
213 2018 373 2107 παρέσχε,
400 2013 503 2104 γνούς
522 2020 559 2087 ἐν
576 2022 659 2098 οἵοις
681 2032 794 2099 κακοῖς
811 2006 900 2106 ἦσαν
916 2024 953 2088 οί
968 2016 1040 2089 Φά-

70 2124 153 2204 βιοι,
186 2122 353 2207 μηδεμίαν
378 2117 491 2188 αὐτῶν
514 2117 721 2207 ποιήσασθαι
738 2125 904 2208 φροντίδα
928 2124 987 2209 τῆς
1004 2149 1039 2191 τε

70 2215 189 2307 ἀρετῆς
212 2221 269 2289 καὶ
294 2217 390 2308 δόξης
414 2236 482 2301 τοῖς
506 2216 651 2311 ἀνδράσι
669 2225 821 2309 φθονῶν.
859 2224 1040 2310 τοιγαροῦν
1056 2234 1091 2282 20

71 2319 150 2408 μετίι
174 2323 278 2390 ταύτα
302 2318 467 2411 ὑπαχθεὶς
491 2316 558 2393 ἀπό
581 2325 651 2391 τῶν
669 2318 849 2412 δημάρχων
871 2328 920 2400 είς
939 2327 1039 2409 δίκην

72 2425 124 2492 ἐπὶ
141 2420 246 2512 ταύτη
264 2420 405 2511 μάλιστα
421 2427 462 2513 τῇ
481 2430 571 2515 αίτίρι
587 2420 683 2494 ἑάλω.
715 2419 850 2512 σφόδρα
862 2418 926 2512 γάρ
942 2423 1039 2491 ἐπέν-

71 2536 179 2613 θησεν
191 2522 212 2613 6
226 2522 395 2614 Ῥωμαίων
412 2522 507 2606 πόλις
525 2521 665 2614 ἀνδρων
675 2521 845 2595 τοσούτων
858 2525 915 2592 καὶ
926 2522 1039 2593 τοιού-

72 2654 137 2695 των
161 2621 280 2717 ἀρετάς
304 2624 567 2717 ἀποκειραμένη,
599 2628 657 2696 καὶ
674 2623 757 2716 πρὸς
775 2620 866 2695 ἅπαν
882 2622 919 2695 τό
939 2622 1039 2708 δόξαν

73 2723 183 2809 αύτοίς
207 2739 314 2798 αίτιον
337 2729 512 2817 γεγονέναι
534 2732 592 2816 τῆς
616 2726 770 2817 τοιαύτης
794 2731 968 2817 συμφορᾶς
986 2754 1038 2797 ττι·
1056 2740 1089 2789 ‘25

74 2836 158 2919 σιροῖς
176 2832 232 2899 καὶ
250 2827 482 2922 ἀπαραιτήτως
501 2830 607 2919 εἶχεν·
627 2828 689 2918 τὴν
708 2830 746 2900 δὲ
763 2825 892 2919 ἡμέραν
906 2834 1039 2917 ἐκείνην
1122 2844 1128 2852 ’

74 2936 109 3002 ἐν
130 2922 152 3022 6
176 2930 212 3002 τὸ
236 2930 347 3013 πάθος
372 2934 501 3021 ἐγένετο
524 2930 686 3021 μέλαινάν
715 2961 751 3001 τε
778 2932 834 3001 καὶ
857 2927 1039 3019 ἀποφράδα

74 3040 210 3122 τίθεται,
229 3035 284 3103 καὶ
303 3030 443 3114 ούδονδς
460 3028 503 3103 ἀν
521 3041 623 3125 ἔργον
642 3036 678 3104 ἐν
694 3030 800 3124 ταύτη
818 3033 964 3122 χρηστοῦ
980 3027 1037 3122 ἀρ-

75 3139 176 3260 ξμιτο,
199 3134 261 3223 τὴν
283 3133 357 3206 τότε
380 3138 557 3225 συμβᾶσαν
586 3130 673 3225 αὕτη
700 3132 805 3224 τύχην
827 3130 1036 3223 ὀττευομένη.

77 3235 117 3317 ἀς
135 3237 170 3307 δὲ
187 3245 330 3327 πλησίον
348 3239 500 3365 ἐγίνοντο
523 3240 591 3308 τάν
609 3234 781 3325 Ῥωμαίων
803 3242 839 3307 σί
859 3240 1089 3326 Τυρρηνοί,30

77 3337 275 3421 συνιδόντες
283 3336 398 3411 αὐτῶν
416 3369 452 3411 το
441 3328 751 3429 ’Λστρατόπεδον
729 3367 773 3427 ην
788 3336 819 3408 δ
840 3332 908 3408 ἀπὸ
922 3332 1038 3423 λαγόνι

25 3447 224 3531 105κείμενον
241 3439 354 3533 ὅρους
373 3445 431 3531 τῆς
449 3468 485 3512 τε
500 3438 656 3533 ἀπειρίας
668 3443 729 3512 τοῦ
741 3440 929 3532 στρατηγού
941 3463 1038 3508 κατε-

820 3550 884 3612 17*
