2384 3850
444 111 648 172 ,ργ-

60 275 166 366 ούτος
185 287 359 374 ἐκκλησίας
377 282 543 375 συνάγων
553 282 709 357 ἑκάστοτε
721 287 778 354 καὶ
792 288 1039 376 ἐκδημαγωγῶν

61 384 148 469 τούς
171 381 337 477 άπόρους,
362 385 614 478 προσηνάγκαζε
635 385 713 469 τούς
735 382 886 469 ὑπάτους
906 385 948 458 τά
970 385 1037 459 ύπό

62 493 126 579 τῆς
146 493 271 576 βουλῆς
288 491 504 578 ψηφισθέντα
522 492 677 580 περὶτῆς
700 495 903 614 κληρουχίας
918 509 1039 560 συντε-

63 602 153 662 λείυ
173 594 209 660 οί
218 587 251 660 θ’
270 586 332 680 ούχ
349 585 535 680 ὑπήκουον,
553 589 594 662 ού
611 596 652 682 τῇ
671 594 800 662 ἑαυτῶν
817 588 903 683 άρχη
888 593 1039 680 λέγον-

63 721 122 774 τες
142 687 408 781 ἐπιτετάχθαι
373 720 410 762 το
429 687 565 782 ἕργου’
544 691 613 764 υπὸ
630 698 688 782 τῆς
707 696 848 782 βουλης,
867 691 952 762 άλλά
969 707 1039 773 τοῖς
1072 715 1089 764 σ

63 791 152 884 μετά
174 791 326 864 Κάσσιον
356 796 427 864 καὶΙ
441 793 644 886 Οὐεργίνιον
673 789 829 884 ὑπάτοις,
864 796 948 884 πρὸς
978 791 1037 875 οὓς

67 894 215 988 [καὶ]
183 925 220 966 το
247 894 483 987 προβούλευμα
508 893 652 1020 ἐγράφη
676 893 777 966 καλ“
755 925 823 985 αμα
846 892 922 966 οὐδ’
950 895 1038 967 εἶναι

63 996 194 1088 νόμους
219 1004 267 1079 είς
237 993 343 1068 edel
370 1005 509 1089 κυρίους
540 1027 562 1067 α
546 993 762 1088 “migma
784 993 822 1067 τό
846 999 1036 1088 συνέθριον,
1168 1053 1172 1060 .

64 1097 155 1170 άλλά
178 1097 402 1189 πολιτεύματα
426 1102 552 1192 καιρούν
579 1099 750 1170 ἐνιαύσιον
780 1106 898 1190 ἔχοντα
929 1096 1038 1189 ίσχύν.

64 1199 193 1282 ταύτας
210 1202 493 1292 προβαλλομένων
510 1205 577 1325 wi?
594 1199 733 1272 ὑπάτων
745 1197 804 1283 τάς
818 1207 937 1291 αίτίας,
955 1197 1037 1272 άδύ·
1056 1221 1088 1271 10

65 1331 169 1384 υατος
200 1297 249 1373 τόν
278 1300 296 1372 ὁ
327 1301 490 1385 Γενύκιος
525 1299 650 1386 αὐτούς
683 1299 871 1391 ἀναγκάσαι
905 1310 1040 1393 μείζονα

65 1407 227 1489 ἐξουσίαν
257 1409 433 1494 ἔχοντας’
420 1433 540 1506 ιταμην
568 1403 652 1474 ὁδὸν
682 1403 865 1496 ἐτράπετο.
880 1421 951 1485 τοῖς
974 1402 1039 1494 γάρ

65 1501 280 1577 ὑπατεύσασι
297 1535 334 1577 το
323 1504 546 1597 ἔμπροσθεν
564 1511 637 1588 ἔτος
654 1513 799 1598 Μαλλίῳ
822 1533 858 1575 τε
876 1507 933 1574 κοιλ
949 1514 1040 1586 Λευ-

9 1629 88 1678 vex
90 1616 133 1701 ίῳ
158 1613 258 1697 δίκην
285 1605 447 1697 ἐπήνεγκε
471 1613 652 1698 δημοσίαν,
677 1609 734 1678 καὶ
758 1621 921 1697 προεῖπεν
943 1602 1039 1694 ἥκειν

66 1682 171 1781 ἐπλ
138 1737 198 1780 τον
211 1713 318 1799 δῆμον
331 1704 687 1800 άπολογησομένους,
671 1737 712 1799 ορ
714 1715 788 1790 ίσας
800 1705 958 1797 άντικρυς
974 1735 1038 1796 την
1057 1725 1090 1776 1⁶

67 1818 182 1882 αἰτίαν
199 1815 257 1900 τῆς
277 1818 388 1902 δίκης,
412 1809 464 1883 ὅτι
481 1809 540 1882 τόν
558 1815 667 1901 δῆμον
683 1807 860 1881 άθικοῦσιν
876 1806 941 1880 ούκ
958 1806 1039 1879 άπο-

69 1915 243 1997 δείξαντες
259 1911 338 1997 τούς
356 1915 438 1985 δέκα
452 1909 592 2004 άνθρας,
611 1909 672 1995 ούς
685 1917 871 2003 ἐψηφίσατο
884 1906 906 2001 ἡ
920 1909 1038 2001 βουλή,

66 2014 149 2097 τούς
172 2018 415 2104 ποιησομένους
437 2013 500 2104 την
522 2019 590 2086 τῶν
618 2012 754 2107 κλήρων
777 2010 950 2105 διανομήν.
979 2015 1040 2085 τού

70 2118 108 2189 δὲ
127 2114 173 2207 μὴ
189 2120 258 2188 τοῖν
275 2114 388 2187 άλλων
399 2115 491 2198 τινάς
504 2114 644 2189 ὑπάτων
661 2114 757 2207 άγειν
775 2119 830 2189 ἐπὶ
846 2114 909 2205 τὴν
928 2122 1038 2205 δίκην,

69 2217 206 2289 βάβεκα
222 2222 415 2310 γενομένων
431 2223 500 2289 τῶν
522 2217 645 2307 μεταξύ
669 2214 829 2308 ἀρχείων,
855 2213 917 2305 ἀφ’
936 2208 978 2288 ού
1001 2213 1044 2289 τό,
1056 2236 1091 2285 20

68 2318 309 2410 προβούλευμα
328 2319 473 2414 ἐγράφη,
496 2317 637 2400 τούτους
655 2319 694 2389 δὲ
711 2319 944 2409 προβαλέσθαι
961 2315 1039 2397 τούς

67 2419 197 2513 ἄνδρας
220 2420 345 2511 μόνους
368 2426 426 2511 τῆς
448 2427 658 2509 ψευσθείσης
681 2414 908 2509 ὑποσχέσεως,
939 2422 1039 2489 ἐπιει-

68 2538 142 2605 κεῖς
160 2529 282 2614 ἔφερεν
299 2518 422 2605 αἰτίας·
449 2526 506 2593 καί
522 2525 689 2593 τελευτάν
706 2527 772 2611 ἐφη
789 2519 898 2609 μόνως
916 2516 960 2611 ἂν
982 2516 1040 2589 οὗ·

67 2654 134 2707 τως
152 2622 408 2714 ἀναγκασθῆναι
426 2624 503 2705 τούς
523 2628 560 2695 ἐν
576 2622 662 2713 ἀρχῇ
680 2620 754 2693 τότε
773 2620 872 2703 ὄντας
888 2617 1039 2703 ύπάτους

68 2731 296 2817 κληρουχησαι
313 2754 375 2817 την
392 2729 467 2817 γῆν,
486 2723 544 2797 ἐάν
563 2728 698 2816 ἐτέρους
713 2721 807 2807 τινάς
825 2730 924 2795 ίθωσι
941 2729 1040 2812 δίκην
1058 2742 1092 2791 25

69 2835 118 2922 τῷ
143 2826 238 2926 δημῳ
263 2826 437 2917 διδόντας,
454 2825 789 2952 ἐνθυμηθέντας,”
769 2843 821 2897 οτι
843 2828 900 2896 καὶ
923 2831 1042 2913 σφίσιν

71 2928 188 3011 αὐτοῖς
206 2927 462 3020 συμβησεται
429 2958 466 2999 το
485 2924 565 2999 αύτό
584 2941 719 3000 παθεῖν.

150 3030 334 3101 XXXVIII.
372 3028 473 3102 Ταῦτ’
495 3027 601 3101 είπάν
614 3031 669 3100 καὶ
687 3023 956 3152 παρακμλέσας”
934 3052 1039 3096 απαν-

70 3163 130 3217 τας
147 3160 244 3224 ηκειν
258 3132 361 3205 ἐπὶ
326 3162 388 3223 την
401 3139 512 3223 δίκην,
526 3129 606 3202 καθ’
628 3132 730 3221 ίεράυ
745 3156 782 3200 τε
794 3126 917 3219 ὀμόσας
935 3156 957 3216 η
974 3125 1042 3217 μὴν

72 3241 231 3326 ἐμμενεῖν
253 3253 333 3317 τοῖς
348 3237 568 3325 ἐγνωσμένοις
591 3234 649 3303 καὶ
671 3230 762 3323 πάση
780 3236 955 3353 προθυμία
971 3233 1041 3299 τῶν
1057 3248 1092 3298 30

1 3348 63 3404 1847
73 3336 212 3429 ανδρων
241 3335 499 3429 κατηγορήσειν,
529 3330 659 3426 ημέραυ
689 3349 850 3423 προεῖπεν
873 3321 955 3403 ἐν
932 3360 954 3419 η
977 3327 1041 3417 τὴν

74 3444 173 3529 δίκην
204 3446 341 3541 ἐμελλεν
372 3440 583 3509 ἐπιτελέσειν
616 3436 693 3519 τούς
713 3438 751 3509 δὲ
773 3440 967 3527 πατρικίους
996 3458 1042 3514 ως
