2384 3850
374 85 507 147 176.
1134 116 1220 125 -
1307 82 1380 140 H
1459 116 1544 125 -
1634 156 1643 164 .

364 257 597 330 κοινὸν
634 253 963 345 ὠφέλησε,
999 257 1110 325 καὶ
1144 252 1302 335 τούς
1342 251 1718 343 δράσαντας
1753 251 1872 323 τὸν
1897 250 2116 342 φόνον
2151 247 2292 319 ἐπό-
2334 269 2349 327 4

367 373 549 431 θουν
583 366 819 447 λαβεῖν
866 355 955 438 ὡς
1000 353 1259 446 ἀνόμου
1307 363 1507 446 ἔργου
1555 358 1664 425 καὶ
1713 351 2117 444 ἀσυμφόρου
2161 367 2274 433 ταῖς

372 459 645 531 πόλεσιν
680 457 1039 551 ἄρξαντας,
1089 455 1256 529 ἄνευ
1297 463 1486 545 δίκης
1537 460 1613 527 ἐν
1647 459 1892 546 χειρῶν
1937 454 2120 548 νόμῳ
2144 456 2272 525 τινὰ

372 561 762 633 ἀποκτεῖναι
812 563 923 630 καὶ
957 564 1167 629 ταῦτα
1205 554 1519 648 ἡγεμόνα.
1609 558 1893 647 μάλιστα
1940 559 2016 627 δὲ
2051 555 2273 653 ἠγανά-

301 685 338 733 5
375 693 578 735 κτουν
612 669 683 734 oi
711 679 855 743 ταῖς
902 668 1277 750 στρατείαις
1312 658 1522 731 αὐτοῦ
1574 657 2136 750 παραγενόμενοι,
2182 661 2271 729 καὶ

374 762 604 855 ἐπειδὴ
650 769 843 848 ζῶντι
882 760 1061 856 αὐτῷ
1097 759 1220 851 οὐχ
1258 764 1475 833 ἱκανοὶ
1516 763 1820 851 ἐγένοντο
1866 764 2151 831 κωλυταὶ
2180 762 2272 848 τῆς

373 869 746 956 συμφορᾶς,
768 864 883 945 τὰς
900 862 1065 955 μετὰ
1082 864 1200 935 τὸν
1217 863 1520 935 θάνατον
1537 860 1975 954 ὀφειλομένας
2007 871 2272 952 ἔγνωσαν

373 965 772 1038 ἀποδιδόναι
822 965 1126 1056 χάριτας,
1200 968 1653 1054 συμφέροντες
1717 972 1810 1045 εἰς
1871 962 1996 1053 τὴν
2056 962 2274 1053 ἀγορὰν
2288 979 2350 1028 164

374 1068 554 1139 ὅσων
590 1074 725 1137 ἔδει
760 1085 897 1147 τοῖς
932 1064 1218 1155 ἀγαθοῖς
1252 1063 1585 1158 ἀνδράσιν
1635 1073 1728 1147 εἰς
1774 1064 1900 1156 τὴν
1933 1064 2275 1155 ἀναγκαίαν

222 1189 226 1194 ’
276 1198 341 1247 10
376 1168 591 1259 τιμήν.
685 1168 913 1256 ἐπειδὴ
989 1170 1061 1238 δὲ
1122 1166 1342 1239 πάντα
1405 1165 1824 1260 εὐτρέπιστο,
1895 1171 2129 1259 θέντες
2191 1169 2278 1235 ἐπὶ

376 1274 721 1362 στρωμνῆς
770 1269 1283 1363 ἐκπρεπεστάτῳ
1329 1268 1705 1359 ἠσκημένης
1751 1268 1979 1363 κόσμῳ
2025 1269 2146 1357 τὴν
2177 1262 2277 1336 αὐ-

373 1373 848 1462 τοκρατορικὴν
901 1380 1135 1462 ἔχοντα
1197 1374 1482 1461 ἐσθῆτα,
1546 1374 1658 1442 καὶ
1717 1371 1846 1459 πρὸ
1906 1376 2023 1461 τῆς
2078 1378 2275 1455 κλίνης

376 1474 586 1545 αὐτοῦ
628 1477 958 1564 φέρεσθαι
1013 1472 1451 1554 κελεύσαντες
1499 1470 1771 1564 λάφυρά
1817 1500 1890 1543 τε
1938 1476 2048 1542 καὶ
2095 1473 2276 1541 σκῦλα
2344 1510 2349 1524 ‹

375 1580 488 1646 καὶ
522 1575 900 1665 στεφάνους
948 1579 1058 1645 καὶ
1093 1573 1358 1665 μνήμας
1407 1565 1504 1645 ὦν
1540 1572 1676 1646 εἷλε
1709 1572 2009 1662 πόλεων,
2059 1572 2274 1664 ἤραντο

278 1703 341 1752 15
374 1677 498 1767 την
545 1686 783 1766 κλίνην
828 1682 899 1746 οί
940 1673 1387 1766 λαμπρότατοι
1431 1681 1568 1747 τῶν
1612 1679 1789 1746 νέων
1841 1681 1916 1747 ἐν
1961 1691 2098 1757 τοῖς
2140 1671 2276 1744 κατὰ
2348 1714 2349 1717 =

376 1782 706 1867 πολέμους
756 1787 1003 1866 ἔργοις·
1060 1782 1169 1847 καὶ
1221 1786 1628 1867 κομίσαντες
1663 1785 1757 1858 εἰς
1803 1776 1878 1847 τὸ
1914 1775 2277 1868 προάστειον

374 1875 413 1951 ὃ
446 1879 730 1970 μάλιστα
765 1871 851 1968 ἦν
888 1883 1244 1969 ἐπιφανές,
1302 1887 1552 1952 ἔθεσαν
1589 1882 1696 1950 ἐπὶ
1731 1878 1855 1967 τὴν
1892 1899 2276 1974 παρεσκευα-
2346 1945 2347 1949 ,

376 1985 630 2070 σμένην
674 1979 931 2069 πυράν,
980 1981 1640 2084 συμπροπεμπούσης
1685 1979 1757 2051 vd
1795 1985 1987 2070 σῶμα
2034 1984 2146 2068 τῆς
2179 1976 2275 2048 ao‘-

338 2091 544 2163 λεως
591 2079 748 2170 ολης
806 2081 947 2170 μετ’
1002 2086 1293 2172 οἰμωγῆς
1353 2112 1427 2154 τε
1486 2088 1599 2154 καὶ
1660 2082 1993 2171 δακρύων.
2085 2090 2277 2151 ἔπειτα

277 2209 347 2258 20
382 2180 915 2272 κατασφάξαντές
972 2182 1030 2253 τ’
1083 2181 1265 2278 αύτω
1312 2185 1524 2256 πολλὰ
1584 2183 1970 2274 βοσκήματα
2018 2186 2126 2253 καὶ
2169 2185 2279 2250 τῶν

380 2283 604 2355 ἄλλων
648 2282 1099 2377 ἀπαρξάμενοι
1160 2285 1433 2357 πάντων
1485 2310 1669 2358 οσων
1713 2284 2068 2375 ἅνθρωποι
2112 2292 2279 2373 βασι-

378 2392 615 2459 λεῦσιν
649 2415 691 2474 η
729 2390 1038 2476 στρατιᾶς
1074 2383 1397 2478 ηγεμόσιν
1445 2392 1554 2458 ἐπὶ
1590 2404 1838 2477 πυραῖς
1869 2385 2276 2513 ἀπάρχονται,
2342 2432 2343 2444 1

378 2492 789 2579 παρέμειναν
822 2494 892 2558 oc
920 2488 1206 2579 μάλιστα
1238 2489 1358 2560 τὸν
1391 2486 1608 2580 ανδρα
1644 2485 2085 2594 ἀσπαζόμενοι
2117 2491 2278 2577 μέχρι

377 2595 497 2661 τοῦ
532 2595 962 2680 μαρανθῆναι
1009 2589 1135 2680 τὴν
1181 2590 1440 2682 φλόγα,
1495 2618 1773 2661 καπειτα
1819 2587 2279 2679 συναγαγόντες

280 2716 345 2765 25
380 2719 461 2760 τα
522 2689 810 2786 λείψανα
872 2699 1138 2775 ἔθαψαν
1210 2698 1284 2765 ἐν
1352 2722 1444 2786 τω
1516 2694 1696 2786 αὐτῶ
1766 2699 1992 2785 χωρίω
2061 2688 2279 2781 χώματι

379 2789 634 2884 ὑψηλω
655 2789 768 2860 δια
801 2801 1238 2884 πολυχειρίαν
1286 2799 1684 2885 ἐργασθέντι
1718 2799 1946 2883 μνῆμα
1987 2797 2280 2881 ἐπίσημον

382 2891 839 2985 ἐργασάμενοι.
1649 2942 1652 2945 -

534 2995 672 3064 LX.
753 2993 1060 3087 Μάρκιος
1121 3026 1246 3086 μεν
1318 2995 1401 3086 δὴ
1470 2996 1778 3085 τοιαύτης
1850 2978 2340 3121 xocvtoccngotpvjff1⁶J

382 3104 648 3187 ἔτυχεν,
694 3093 864 3186 ἀνὴρ
901 3100 1013 3167 καὶ
1046 3126 1127 3168 τα
1164 3101 1445 3188 πολέμια
1478 3122 1746 3191 αριστος
1790 3102 1928 3168 τῶν
1964 3095 2124 3169 καθ’
2163 3090 2280 3182 ἡλι

282 3220 349 3268 30
385 3205 575 3285 κίαν,
646 3200 756 3266 καὶ
817 3197 982 3288 πρὸς
1043 3197 1304 3281 ἁπάσας
1364 3229 1480 3282 τας
1539 3196 1786 3289 ἡδονὰς
1847 3222 2002 3270 οσαι
2037 3197 2279 3291 αρχουσι

382 3303 559 3369 νέων
597 3297 948 3387 ἐγκρατής,
997 3298 1079 3369 τά
1113 3329 1184 3370 τε
1223 3306 1448 3370 δίκαια
1481 3298 1623 3370 οὐκ
1645 3297 1776 3371 άπὸ
1811 3299 2026 3390 νόμου
2059 3304 2277 3389 μᾶλλον

343 3455 351 3461 .
386 3395 682 3487 ἀνάγκης
717 3397 829 3468 διὰ
855 3405 1191 3490 τιμωριῶν
1220 3402 1368 3481 δέος
1395 3399 1704 3484 ἀκούσιος
1730 3400 2118 3488 ἀποδιδούς,
2150 3391 2269 3468 ἀλλ’
