2384 3850
444 94 646 153 ,ργ-

71 258 237 352 ήγγέλλετο
255 267 457 354 κεκινημένη
480 267 536 335 καί
561 263 602 336 οὐ
631 265 686 336 διὰ
705 273 835 359 μακροῦ
860 265 1029 360 χωρήσου-

67 385 107 433 σα
124 374 169 449 είς
185 366 341 456 πόλεμον.
379 364 536 456 συνήχθη
559 364 625 459 γάρ
645 375 692 449 είς
711 366 829 457 κοινήν
854 373 1033 458 ἐκκλησίαν

68 464 101 535 τὸ
123 473 238 558 ἔθνος,
266 471 323 539 καλ
346 465 452 539 πολλά
474 466 692 540 Οὐιεντανῶν
713 471 907 559 δεηθέντων
929 471 1032 543 συνά-
1156 482 1162 495 ’

66 581 183 655 ρασθαι
218 578 316 661 σφίσι
349 573 410 640 τοῦ
433 566 516 640 κατά
535 565 705 661 Ῥωμαίων
735 574 899 662 πολέμου,
939 574 1031 655 τέλος

66 668 235 760 ἐξήνεγκεν
262 675 383 756 ἐξεῖναι
406 689 475 754 τοῖς
498 675 716 762 βουλομένοις
746 676 931 766 Τυρρηνῶν
954 700 1067 762 μετ-ε

66 770 147 858 ἐχειν
169 777 227 864 τῆς
251 780 440 865 στρατείας·
476 776 532 844 καὶ
555 776 694 861 -έγένετο
718 776 792 867 χείρ
812 769 1028 865 άξιόμαχοςή

64 888 127 954 τοῖς
141 872 363 956 Οὐιεντανοῖς
381 877 542 956 ἑκουσίως
559 876 621 945 τοῦ
638 876 784 966 πολέμου
793 877 1028 969 συναιρομένη.

11 977 162 1046 ῖιοταότα
174 980 326 1067 μαθοῦσι
343 993 412 1058 τοῖς
424 979 461 1047 ἐν
478 978 565 1047 τέλει
578 971 748 1067 Ῥωμαίων
767 981 860 1062 ἔδοξε
874 976 1030 1070 στρατιάς

63 1102 98 1145 τε
112 1076 339 1171 καταγράφειν
357 1081 413 1148 καὶ
438 1077 518 1159 τοὺς
540 1076 691 1160 ὑπάτους
717 1075 927 1173 ἀμφοτέρους
951 1083 1029 1164 ἐξιέ-

63 1206 127 1268 ναι,
159 1177 219 1251 τόν
248 1180 311 1270 μέν
338 1186 500 1262 Αἰκανοῖς
526 1208 563 1251 τε
591 1179 825 1270 πολεμήσοντα
849 1184 904 1253 καί
928 1188 1029 1253 Λατί-
1052 1198 1085 1248 10

63 1307 130 1362 νοις
145 1280 291 1374 τιμωρὸν
310 1280 482 1371 ἐσόμενον,
500 1278 559 1352 τόν
577 1282 616 1354 δὲ
635 1285 688 1353 έπλ
701 1290 891 1376 Τυρρηνίας
908 1280 1031 1367 ἄξοντα

61 1377 117 1461 τάς
136 1381 303 1474 δυνάμεις.
356 1382 559 1476 ἀντέπραττε
586 1383 624 1454 δὲ
648 1383 731 1476 πρὸς
755 1388 860 1455 ταῦτα
884 1382 1031 1477 Σπόριος

58 1478 182 1567 Ἰκίλιος
213 1489 282 1555 τῶν
307 1481 487 1577 δημάρχων
514 1480 577 1566 ελς·
615 1487 671 1555 καλ
706 1484 865 1575 συνάγων
896 1492 942 1567 είς
978 1490 1030 1555 ἐκ·
1059 1554 1061 1557 ,

62 1593 201 1674 κλησίαν
217 1586 277 1657 τόν
301 1590 409 1676 δῆμον
430 1582 591 1679 ὁσημέραι
615 1584 673 1668 τάς
695 1588 772 1679 περὶ
798 1590 856 1675 τῆς
887 1595 1031 1677 κληρου-

61 1694 132 1773 χίας
147 1686 344 1778 ὑποσχέσεις
357 1685 476 1780 ἀπῄτει
494 1688 584 1778 παρά
603 1691 663 1779 τῆς
686 1690 828 1778 βουλῆς,
854 1690 910 1757 καὶ
928 1682 1030 1759 οὐδὲν
1052 1703 1084 1753 15

61 1793 124 1877 ἔφη
147 1788 379 1883 συγχωρήσειν
403 1787 483 1861 οὔτε
506 1796 574 1861 τῶν
601 1790 655 1860 ἐπί
681 1790 841 1879 πόλεμον,
867 1786 944 1860 οὕτε
962 1792 1031 1860 των

61 1888 141 1961 κατὰ
157 1889 257 1963 πόλιν
280 1887 341 1964 ὑπ’
367 1886 471 1981 αάτής
494 1892 730 1983 ψηφιζομένων
761 1893 1030 1981 ἐπιτελεσθῆναι,

61 1991 119 2062 έδιν
135 1991 180 2082 μή
196 1994 277 2076 τοδς
295 1996 376 2067 δέκα
393 1990 519 2086 άνδρας
544 1992 747 2080 ἀποδείξωσι
773 1994 938 2087 πρότερον
961 1991 1030 2087 δρι-

61 2091 137 2176 στάς
153 2099 211 2186 τῆς
230 2103 392 2187 δημοσίας
410 2093 537 2188 χώρας,
568 2101 626 2167 καὶ
651 2101 787 2190 διέλωσι
813 2094 876 2186 τήν
903 2100 968 2187 γῆν
986 2091 1032 2178 ὥς

59 2188 241 2287 ὑπέσχοντο
259 2201 307 2293 τῷ
325 2196 430 2291 δήμφ.
483 2196 698 2288 ἀπορουμένη
718 2197 756 2267 δὲ
773 2201 813 2288 τῇ
845 2202 953 2288 βουλή
972 2199 1029 2268 καὶ
1050 2211 1083 2260 20

61 2293 275 2391 ἀμηχανούσῃ
296 2309 331 2370 τί
359 2297 421 2391 χρή
448 2315 559 2370 ποιεῖν
588 2295 732 2379 ’Ἄππιος
757 2294 925 2378 Κλαύδιος
949 2293 1031 2368 ὑπο·

59 2405 187 2471 τίθεται
211 2418 368 2491 σκοπεῖν,
404 2398 494 2482 ὅπως
519 2397 732 2488 διαστήσεται
758 2395 799 2468 τά
826 2401 895 2469 τῶν
919 2394 1033 2469 άλλων

13 2513 52 2566 741
64 2500 242 2593 δημάρχων
259 2501 343 2592 πρός
367 2497 480 2591 αὐτόν,
499 2498 688 2590 διδάσκων,
712 2498 764 2571 ότι
781 2496 841 2570 τόν
858 2496 1033 2570 κωλύοντα

60 2607 113 2674 καί
143 2606 300 2694 ἐμποδῶν
334 2602 512 2695 γινόμενον
545 2619 615 2686 τοῖς
651 2601 793 2692 δόγμασι
817 2603 876 2691 τής
907 2603 1032 2692 βουλῆς

61 2705 152 2794 ίερόν
172 2704 256 2776 ὄντα
280 2708 337 2777 καί
360 2704 452 2799 νόμφ
483 2704 545 2796 τὴν
569 2708 726 2789 ἐξουσίαν
757 2709 876 2794 ἔχοντα
905 2702 1031 2795 ταύτην
1050 2727 1083 2778 25

61 2800 166 2889 άλλως
183 2806 247 2879 οὐκ
272 2814 341 2879 ἔστι
365 2811 490 2878 παῦσαι
513 2810 572 2896 τής
597 2813 815 2895 δυναστείας,
837 2804 896 2876 ἐδιν
918 2803 964 2896 μή
982 2835 1031 2887 τις

61 2907 167 3001 ἕτερος
185 2913 255 2980 των
271 2907 338 2980 άπό
355 2913 414 2998 τῆς
432 2920 506 2998 ῖσης
523 2914 618 2999 τιμῆς
642 2913 699 2980 καὶ
722 2905 785 2997 τήν
810 2904 917 2994 αὐτὴν
941 2909 1031 2988 ἐξου-

62 3017 136 3081 σίαν
162 3008 311 3101 ἐχόντων
333 3008 493 3082 τάναντία
515 3008 661 3103 πράττη,
686 3011 743 3081 καὶ
763 3005 814 3090 οἷς
837 3001 880 3077 άν
905 3012 1033 3088 ἐκεῖνος

62 3111 215 3197 ἐμποδών
233 3116 371 3203 γένηται
388 3115 492 3184 ταῦτα
509 3111 555 3201 μή
580 3110 706 3201 κωλάη.
744 3105 976 3197 συνεβούλευέ
997 3137 1033 3180 τε

61 3227 125 3294 τοῖς
143 3203 246 3297 αὖθις
263 3217 553 3307 παραληψομένοις
575 3212 638 3303 τήν
660 3209 767 3303 άρχήν
791 3209 931 3293 ὑπάτοις
955 3215 1033 3281 τοῦ-
1052 3228 1086 3277 30

61 3338 94 3381 το
111 3315 269 3403 πράττειν
286 3320 343 3388 καὶ
361 3333 518 3403 σκοπεῖν,
536 3311 627 3396 ὅπως
645 3318 761 3398 έξουσί
775 3340 869 3395 τινας
886 3309 940 3382 άελ
956 3313 1034 3381 τω“ν

64 3416 240 3510 δημάρχων
257 3425 402 3500 οίκείους
419 3424 516 3509 σφίσι
534 3420 590 3488 καὶ
608 3423 746 3507 φίλους
775 3422 857 3505 μίαν
875 3413 962 3485 εἶναι
980 3413 1032 3483 λέ-

111 3563 190 3600 »101«.
203 3566 249 3602 111.
498 3606 500 3609 ,
841 3525 881 3589 15

762 3691 833 3738 Δ
