2384 3850
37 274 293 363 ίκβαίνοντα”
251 299 309 361 της
324 268 543 360 ἀνθρωπίνης
560 266 704 358 φάσεως
732 261 875 358 ἀπάρχει
894 267 933 338 δί
948 287 1002 339 σοι

37 379 99 445 νῦν
120 372 281 446 ἁπάντων
304 370 463 464 κράτιστα
483 367 741 443 καταλύσασθαι
757 367 815 439 τὸν
840 365 1003 460 πόλεμον

20 473 57 565 ιῆ
71 505 108 547 τε
131 472 196 564 γάρ
220 471 327 564 βουλὴ
351 476 441 544 πάσα
465 470 613 562 ω”ρμηται
635 467 698 560 την
721 468 873 542 κάθοδον
894 477 1005 562 ψηφί-

35 583 166 648 σασθαί
183 597 255 665 σοι,
287 570 382 646 καῖ’
366 604 385 645 ο
404 577 508 664 δῆμος
530 570 658 663 ἕτοιμός
682 575 752 644 ἐστι
773 570 866 665 νόμω
889 600 1002 665 κυρω-
1052 603 1057 613 ·

33 681 127 749 θέντα
153 682 253 748 λῦσαι
275 676 339 765 τὴν
361 672 553 766 ἀειφυγίαν.
599 682 635 745 τί
655 665 720 746 οὖν
744 681 792 745 ἔτι
815 671 938 744 κωλάει
962 699 1000 746 σε
1034 694 1050 745 5

33 777 89 861 τάς
105 774 248 901 ἡδίστας
261 781 318 850 καὶ
330 775 527 869 τιμιωτάτας
540 773 634 861 ὄψεις
648 779 716 848 τοῖν
728 772 1000 866 ἀναγκαιοτάτων

35 878 198 970 σωμάτων
220 877 407 967 ἀπολαβεῖν
435 881 493 949 καὶ
492 875 773 1002 κεκομίσθαι
735 906 799 967 την
815 876 1000 1003 περιμάχη

34 1010 90 1051 τον
106 978 308 1072 molest
285 1009 402 1071 αρχειν
418 1009 454 1052 τε
481 978 595 1070 ὥσπερ
619 1005 672 1052 σοι
689 981 861 1073 ’προσῆκεν
878 977 1000 1071 ἀρχόν-

35 1110 98 1154 των
114 1085 173 1153 καλ
201 1078 359 1172 ἡγεῖσθαι
383 1077 561 1173 ἡγεμόνων
597 1089 698 1153 παισί
716 1109 754 1153 τε
777 1083 833 1152 καὶ
852 1079 1000 1170 ἐγγόνοις

35 1187 189 1273 μέγιστον
221 1180 353 1307 αάχχμα
382 1193 599 1270 καταλιπεῖν;
631 1182 761 1257 τούτων
791 1186 904 1273 μέντοι
932 1188 1000 1256 τῶν
1018 1203 1050 1253 10

36 1279 250 1376 ὑποσχέσεων
272 1281 369 1375 ἡμεῖς
387 1287 547 1379 ἐγγυηταὶ
563 1288 682 1356 τασαν
701 1282 853 1376 ἐσμεν
830 1314 875 1367 ως
902 1283 999 1357 αὐτί-

35 1414 74 1455 κα
89 1386 181 1476 μάλα
198 1388 455 1477 γενησομένων.’
468 1392 536 1457 νῦν
551 1386 615 1477 μὲν
631 1386 696 1476 γάρ
713 1385 790 1476 οὐχὶ
806 1391 915 1469 καλῶς
933 1387 1000 1476 εἶχε

36 1495 252 1576 ψηφίσασθαί
266 1508 320 1559 σοι
331 1487 394 1580 τὴν
407 1487 535 1577 βουλὴν
548 1485 570 1578 ἢ
583 1488 644 1560 τὸν
657 1491 766 1578 δῆμον
778 1483 886 1558 οάθεν
896 1491 1000 1557 »ἐπιει-

36 1589 85 1669 τάς
112 1585 135 1679 ἢ
161 1592 315 1680 μέτριον,
347 1593 409 1670 ἕως
439 1585 889 1681 ἀντιπαρεστρατοπέδευκας
919 1586 1001 1678 ἡμῖν

38 1690 88 1758 καὶ
110 1689 152 1761 τά
175 1698 345 1780 πολεμίων
368 1698 448 1781 ἔργα
466 1694 564 1784 δρηίς·
609 1697 641 1762 εί
664 1690 702 1760 δὲ
726 1687 908 1778 ἀποσταίης
931 1692 999 1761 τοῖν
1018 1708 1051 1758 15

38 1786 163 1881 ὅπλων,
185 1789 258 1880 ἥξει
279 1813 333 1863 σοι
355 1790 392 1863 τό
405 1795 494 1883 περὶ
515 1795 573 1882 τῆς
590 1789 744 1864 καθόδου
761 1789 919 1883 ψήφισμα
937 1818 1000 1882 φε-

40 1890 176 1982 ρόμενον
192 1889 257 1986 ἀφ’
276 1889 373 1985 ἡμῶν
389 1890 453 1966 υάκ
471 1900 518 1977 είς
534 1893 675 1987 μακράν.

82 1995 206 2066 XXVI.
236 1992 365 2084 ’Λγαθά
384 1997 447 2088 μὲν
470 1996 512 2086 δὴ
535 2000 640 2069 ταυτα
661 1993 801 2088 ὑπάρξει
825 2017 879 2068 σοι
904 2002 1000 2068 διαλ-

40 2100 239 2223 λαττομάνω
268 2099 404 2188 μένοντι
428 2098 507 2168 666
491 2100 610 2169 6⁴66
567 2127 626 2187 της
648 2096 751 2223 ὀργῆς
773 2100 830 2191 καὶ
853 2128 900 2190 μη
925 2104 1000 2169 δια

41 2198 239 2319 λμομίνιμ
206 2227 244 2270 το
261 2212 358 2325 μῖμος
374 2196 457 2291 πρός
473 2194 560 2290 ημάς
582 2198 690 2270 πολλά
713 2202 769 2270 καὶ
792 2197 936 2323 χαλεπά,
964 2203 997 2283 ἐξ
1015 2217 1049 2267 ιο

24 2288 82 2368 εάν
98 2300 164 2390 ἐγω
182 2297 245 2372 δόο
268 2298 308 2371 τά
332 2301 472 2391 μέγιστα
494 2303 574 2372 νυνὶ
597 2303 655 2371 καλ
678 2299 898 2390 φανερώτατα
923 2304 997 2391 ἐρεῖ.

41 2404 165 2522 πρῶτον
180 2398 279 2492 μὲν”
259 2429 311 2473 οτι
330 2400 510 2473 δυσκόλου
517 2404 694 2492 γενέσθαι,
712 2404 840 2491 μάλλον
855 2401 896 2471 δὲ
913 2398 1000 2471 ἀδυ-

41 2499 134 2575 νάτου
151 2502 346 2597 πράγματος
369 2502 518 2596 πονηρόν
540 2510 647 2595 ἔρωτα
670 2510 772 2593 ἔχεις,
797 2500 924 2585 πόλεως
941 2530 999 2591 της

39 2594 197 2693 Ρωμαίων
215 2615 374 2677 καθελεῖν
396 2634 458 2696 την
477 2603 592 2696 ίσχάν,
615 2609 672 2676 καὶ
694 2610 798 2676 ταῦτα
818 2620 889 2686 τοῖς
909 2602 999 2676 060-

43 2703 186 2779 λούσκων
215 2704 344 2789 ὅπλοις
377 2705 487 2777 ἔπειθ’
520 2705 571 2778 ότι
602 2728 655 2778 σοι
679 2704 936 2800 κατορθώσαντί
963 2735 999 2778 τε
1017 2723 1050 2772 25

44 2808 144 2875 καὶ
105 2838 150 2899 μη
163 2806 297 2899 τυχόντι
314 2806 452 2881 πάντων
468 2805 663 2931 ἀνθρώπων
681 2807 821 2901 ὑπάρξει
839 2817 998 2902 δυστυχεῂ

44 2906 139 3004 στάτιμ
157 2919 253 3000 νομίζ
236 2920 362 2996 ζ.εσθαι
407 2913 441 2995 ἐξ
460 2900 572 2983 6666
592 2916 698 2983 ταῦτα
720 2916 922 3003 παρίσταταί
942 2939 998 3035 μρι

44 3011 109 3098 περὶ
125 3016 187 3084 om}
205 3028 364 3105 φρονεῖν,
388 3009 546 3101 ἀκονσου,
564 3003 592 3083 6
612 3011 763 3105 Μάρκιε,
781 3013 892 3103 μηθὲν
915 3012 997 3105 πρὸς

44 3105 96 3196 τὴν
112 3117 312 3235 ἐλευθερίαν
327 3143 394 3206 μου
411 3118 480 3186 τῶν
496 3111 608 3204 λόγων
624 3112 881 3205 τραχυνόμενος.
918 3112 998 3185 σκό-

46 3233 90 3279 τει
112 3216 147 3287 δὲ
169 3220 303 3309 πρῶτον
324 3216 412 3342 ὑπὲρ
435 3220 495 3289 τοῦ
518 3213 699 3287 ἀδυνάτου.
740 3214 927 3306 ’,Ρωμαίοις
953 3214 997 3296 ὡς
1014 3230 1047 3280 30

46 3311 134 3417 σίσθα
149 3321 207 3390 καὶ
224 3317 284 3409 σά,
308 3316 414 3408 πολλη
437 3319 500 3409 μίν
519 3322 587 3390 ἐστι
605 3314 722 3406 νεότης
741 3307 978 3435 ἐπιχώριος,
955 3346 997 3404 ης

49 3402 113 3481 εί
86 3445 117 3488 το
134 3420 309 3508 στασιάζον
327 3425 529 3512 Ἢξαιρεθείη
551 3416 726 3509 γενήσεται
746 3420 783 3489 δὲ
799 3446 897 3488 τουτο
914 3416 997 3485 κατὰ

805 3528 849 3589 9*
