2384 3850
381 57 739 198 ι,.-ω--’
953 99 1014 163 109

26 278 225 343 πείσεσθαι
243 268 327 363 πρός
344 275 426 361 ἐμοῦ
443 269 611 396 λεγόντων
627 275 684 342 καὶ
702 271 793 364 πάση
811 275 945 363 σπουδή
958 276 1015 344 καὶ

25 379 218 465 προθυμίᾳ
243 370 333 464 πυρά
358 370 417 443 τδν
440 370 555 462 άγῦνα
577 371 651 444 κατ’
680 377 761 463 ἐμοῦ
784 378 1012 464 χρησαμένων.

25 475 181 545 τοιαῦτα
204 471 247 563 δὴ
264 472 446 556 πεπονθώς
470 471 534 563 έγοδ
552 471 636 566 πρδς
660 479 730 547 τόν
753 479 898 564 ἐμαυτοῦ
922 485 1016 546 πολι-

27 581 112 648 τῶν
130 571 313 664 άβίωτον’
294 574 471 666 ηγησάμην
487 573 546 646 τὸν
563 574 681 648 λοιπόν
698 583 843 670 ἔσεσθαί
856 605 912 666 μοι
924 583 1014 664 βίον,

28 686 68 749 εί
86 673 139 768 μή
157 675 290 767 λάβοιμι
308 676 388 769 παρ’
410 675 524 748 αῦτοὶν
542 684 652 760 δίκας·
679 681 736 749 καὶ
754 677 811 749 διὰ
827 675 918 748 τοῦτ’
941 674 1015 762 ἐξόν
1050 703 1067 750 σ

27 807 98 870 μοι
118 782 179 867 ζῆν
195 775 438 870 άπραγμόνως,
463 775 524 850 εἰτ’
545 781 582 850 ἐν
604 795 677 861 τοϊς
696 786 853 851 Λατίνων
877 777 1016 849 πόλεσιν

28 878 240 970 ἠβουλόμην
257 880 340 951 κατδι
356 878 394 951 ιδ
412 883 584 970 συγγενές,
603 879 662 951 εἴτ’
680 884 802 963 ἐντοῖς
815 887 1018 961 νεοκτίστοις
1089 951 1091 956 ,

30 981 81 1064 δὶς
102 988 139 1052 ολ
153 983 292 1072 πατέρες
309 977 407 1073 ἡμῶν
426 980 618 1075 ἀπῴκισαν,
642 978 705 1053 οῦκ
722 978 941 1072 ἠβουλήθην,
960 976 1015 1070 ἐφ’

6 1081 134 1173 τῦμᾰς
154 1083 194 1153 δέ
210 1086 417 1174 κατέφυγον,
447 1080 507 1166 οῦς
529 1081 720 1173 ἠπιστάμην
741 1081 881 1155 πλεῖστά
897 1111 935 1154 τε
950 1078 1018 1152 ὑπὸ

25 1186 213 1274 Ῥωμαίων
228 1181 452 1276 ἠδικημένους
468 1186 525 1255 καὶ
541 1183 683 1274 μάλιστα
700 1183 815 1268 αὐτοῖς
830 1179 1018 1274 άπεχθομέ·
1036 1207 1069 1256 10

33 1315 144 1375 νονς,
170 1290 228 1357 ἵνα
252 1292 350 1377 κοινῆ
379 1285 457 1376 μεθ’
483 1282 579 1377 ῦμῶν
603 1295 857 1410 τιμωρησαίμην
882 1283 1017 1372 αὐτοῦς,
1063 1333 1065 1336 -

33 1389 109 1477 ὅση
127 1414 184 1477 μοι
203 1385 361 1478 δῦναμις,
386 1387 496 1477 λόγοις
518 1415 555 1457 τε
571 1396 658 1459 ἔνθα
685 1394 740 1459 δεῖ
760 1387 870 1476 λόγων
887 1389 944 1457 καὶ
962 1395 1019 1475 έρ-

36 1519 119 1580 γοις
138 1485 221 1559 ὅταν
238 1495 348 1578 ἔργων
366 1492 435 1581 δέη
481 1487 579 1579 χάριν
604 1517 641 1560 τε
661 1485 745 1578 ’ὑμίν
768 1487 937 1607 μεγάλην.
941 1486 1018 1557 οέδα

36 1598 105 1680 τῆς
124 1616 162 1659 τε
177 1587 346 1680 ὑποδοχῆς
369 1620 452 1682 μου,
476 1592 533 1660 καὶ
556 1595 605 1660 έτι
627 1593 754 1678 μάλλον
776 1593 836 1678 τής
858 1591 972 1676 τιμής,
996 1615 1018 1677 η

38 1723 85 1784 με
104 1695 221 1781 τιμᾶτε
238 1688 409 1763 οὐθέν’
367 1721 444 1763 οντε
467 1689 776 1815 μνησικακήσαντες
801 1687 876 1761 οῦιε
893 1684 1019 1759 ῦπολο-
1038 1711 1069 1760 16
1188 1777 1189 1782 ἵ

38 1791 224 1884 γισάμενοι
252 1782 301 1863 ὧν
325 1791 385 1864 ὑπ’
411 1797 491 1883 ἐμοῦ
514 1791 678 1885 πρότερόν
702 1821 741 1881 γε
765 1789 907 1863 ἐπάθετε
936 1787 1020 1860 κατά

39 1893 127 1979 τοῦς
144 1897 546 1985 πολέμους..

125 1984 199 2065 VH.
228 2000 317 2088 Φέρε
341 1994 443 2085 δή,τ
424 2003 475 2078 ς
497 2025 542 2067 αν
565 2006 639 2085 εἴην
661 1992 767 2085 άνήρ,
793 2002 823 2066 εί
847 1993 945 2085 δόξης
963 1994 1020 2065 καὶ

39 2127 173 2190 τιμων,
197 2089 246 2168 66
263 2101 414 2221 προσηκέ
430 2126 485 2217 μοι
503 2097 592 2222 παρὰ
618 2114 688 2179 τοῖς
707 2100 853 2187 ἐμαυτοῦ
870 2102 1020 2178 πολίταις

39 2199 246 2291 τυγχάνειν,
277 2197 367 2291 παρά
397 2182 466 2270 τιῦν
496 2189 535 2270 εῦ
556 2197 740 2270 παθόντων
762 2194 1018 2287 ἀποστερηθείς,
1037 2216 1070 2266 20

41 2301 134 2393 πρός
158 2302 196 2372 δέ
218 2298 346 2383 τούτοις
375 2307 534 2393 πατρίδος
556 2327 593 2369 τε
625 2302 683 2369 καὶ
705 2309 802 2369 οίιιον
831 2301 889 2367 καλ
911 2305 1021 2386 φίλων

44 2407 107 2474 καλ
125 2409 222 2474 θεοῖν
239 2400 404 2496 πατρῴων
421 2400 535 2472 κάλ’
494 2429 612 2490 ταφων
630 2403 841 2491 προγονικῶν
864 2401 920 2469 καὶ
937 2425 1021 2468 παν-

43 2505 106 2587 τὸς
124 2501 228 2574 ἄλλον
245 2501 428 2585 ἀπελαθεὶς
451 2501 603 2593 ἀγαθοῦ,
627 2497 709 2591 παρ’
732 2498 815 2591 ὑμῖν
834 2500 873 2570 δὲ
890 2498 1022 2571 ἅπαντα

44 2610 159 2678 ταῦτα
173 2601 293 2695 εῦρῦν,
312 2600 363 2687 οἷς
377 2607 517 2676 ἐκείνων
531 2602 630 2695 χάριν
648 2605 844 2693 ἐπολέμουν,
863 2608 895 2673 εί
910 2600 955 2692 μή
967 2621 1023 2691 γε·

45 2714 176 2797 νοίμην
192 2704 334 2796 χαλεπὸς
350 2707 413 2797 μὲν
430 2701 481 2789 οἷς
498 2704 573 2777 ἀντὶ
591 2708 737 2776 πολιτῦν
754 2709 890 2796 έχθροῑς
906 2706 1023 2795 κίχρη·
1040 2724 1074 2773 25

48 2839 133 2899 μαι,
164 2804 306 2898 χρηστός
342 2809 379 2879 δὲ
408 2802 459 2889 οἷς
492 2805 568 2879 άντλ
599 2814 770 2897 πολεμίων
791 2815 918 2894 φίλοις;
946 2803 1020 2876 ἀλλ’

7 2934 40 2984 18
49 2917 163 2999 ἔγωγε
178 2905 253 2980 οὐδ’
275 2913 314 2980 ἐν
330 2904 456 3000 άνδρδς,
471 2915 572 3002 μοίρᾳ
588 2906 762 2998 θείηνάν,
780 2905 870 2990 ὅστις
887 2905 970 2996 μήτε
986 2905 1023 2975 ιδ

49 3015 226 3101 πολεμοῦν
252 3006 298 3080 δι’
322 3011 425 3101 δργής
448 3016 514 3100 ἔχει
536 3008 621 3100 μήτε
643 3007 679 3081 τὸ
703 3016 811 3094 σιὸζον
835 3004 956 3078 ἐαυτδν
975 3005 1020 3077 δι’

51 3110 200 3195 εῦνοίας.
225 3119 372 3203 πατρίδα
388 3138 425 3183 τε
442 3109 612 3235 ἠγοῦμαι
604 3108 645 3182 οῦ
662 3108 724 3201 τήν
741 3106 1025 3234 άπαρνησαμένην

51 3242 96 3304 με
114 3211 226 3303 πόλιν,
244 3209 320 3283 ἄλλ’
339 3205 379 3303 ἠς
395 3208 612 3305 άλλότριος”
586 3241 635 3283 ων
652 3219 789 3302 πολίτης
801 3215 940 3301 γέγονα·
959 3218 1026 3300 γήν
1042 3232 1076 3282 3ο

52 3344 91 3388 τε
108 3311 174 3387 οῦκ
192 3305 268 3386 ἐν
240 3344 267 3439 χ
284 3313 446 3407 ἠδίκημαι
468 3309 589 3405 φίλην,
621 3309 697 3384 ἀλλ’
722 3304 800 3384 ἐν’
777 3342 798 3437 η
816 3343 859 3384 ιο
847 3311 1025 3402 ἀσφαλὲς

56 3425 131 3507 ἔχω.
160 3411 255 3487 κάλ’1
234 3445 278 3488 αν
294 3416 375 3499 θεός
391 3445 428 3488 τε
446 3412 666 3506 σνλλαμβάνη
687 3416 743 3485 καὶ
760 3443 801 3485 τα
789 3412 1004 3505 ῦμέτερα’
980 3442 1026 3495 ως
