2384 3850
46 261 157 328 ταύτα
174 255 344 346 ποιήσητε,
364 263 460 328 δυεῖν
478 247 526 328 τόν
539 257 708 345 βούλεσθε
720 253 860 349 ὑπάρξει
873 256 1022 352 θάτερον

45 356 149 448 ὑμῖν·
176 353 257 447 ήτά
274 361 405 429 ἑαυτοῖν
422 356 640 449 ἀπολήψεσθε
663 356 746 431 ἀνευ
769 358 940 433 κινδύνων
963 364 1019 432 καὶ

48 457 224 550 δαπάνης,
249 453 271 548 ἦ
294 459 401 548 καλήν
423 462 478 531 καί
498 467 633 532 δικαίαν
632 459 827 585 πρόφασιν
846 460 1019 551 εἰληφότες

45 569 174 632 ἔσεσθε
189 590 251 633 του
236 563 424 684 πρλέμου.
461 559 498 632 τὸ
515 559 580 685 γάρ
597 560 643 652 μή
660 567 729 633 τάν
746 559 943 686 ἀλλοτρίων
951 567 1020 633 ἐπι·

44 675 195 753 θνμεῑν,
221 659 306 733 ἀλλά
323 692 363 733 τα
353 659 550 734 ἑαυτῶν’
530 679 684 735 απαιτεῖν
701 662 817 734 καὶ
775 694 820 754 μη
838 661 1019 753 τυγχάνον-
1055 683 1077 736 (r
1179 690 1180 732 ι

44 793 109 845 τας
127 761 248 834 τούτου
267 760 476 854 πολεμεῖν,”
454 792 599 847 απαντες
612 763 965 856 άνομολογήσουσιν
933 792 1020 837 ειναι

46 861 166 936 καλόν
199 867 282 955 φίρε
299 863 355 954 δή,
372 873 409 935 τί
421 862 575 954 ποιήσειν
592 878 708 938 οίεσθε
723 861 899 956 Ρωμαίους
916 869 1021 937 ταῦτα

46 967 150 1054 υμῶν
173 970 426 1055 προελομένων;
461 965 603 1058 πότερον
628 963 818 1039 ἀποδώσειν
842 967 884 1038 τά
914 974 1020 1059 χωρία

46 1063 153 1156 ύμῑν;
170 1071 227 1138 καὶ
244 1075 280 1138 τί
294 1064 438 1139 κωλύσει
455 1066 592 1140 πάντων
610 1066 732 1151 αύτούς
750 1066 935 1159 άποστήναι
952 1073 1021 1141 τῶν

45 1167 256 1259 ἀλλοτρίων,
282 1167 401 1258 ήξουσι
424 1168 488 1258 γάρ
506 1178 654 1242 Αἰκανοί
667 1200 703 1243 τε
720 1173 777 1241 καὶ
791 1169 948 1260 Ἀλβανοί
964 1174 1020 1241 καὶ
1040 1195 1073 1244 1⁰

52 1274 227 1360 Τυρρηνοὶ
249 1273 305 1341 καὶ
322 1273 440 1341 πολλοὶ
457 1269 552 1343 άλλοι
573 1271 637 1361 τήν
654 1275 784 1343 ἕαυτοῖν
807 1277 939 1344 ἕκαστοι
956 1276 1021 1361 γη”ν

11 1398 35 1444 ιι
47 1369 310 1461 ἀποληψόμενοι.
355 1365 550 1461 ήκαθέξειν
566 1373 607 1443 τά
624 1381 729 1463 χωρία
752 1376 808 1443 καί
826 1375 936 1465 μηθὲν
952 1376 1022 1444 τάν

48 1479 197 1544 δικαίων
221 1474 391 1564 ποιήσειν;
422 1469 504 1565 ὅπερ
530 1472 594 1563 ἐγω
617 1481 749 1563 νομίζω.
794 1473 922 1545 ούκούν
944 1470 1021 1543 άδι-
1101 1483 1106 1494 ’

48 1586 191 1644 κεῖσθαι
209 1573 365 1664 πρότεροι
383 1577 535 1664 λέγοντες
552 1570 614 1644 ἀπ’
633 1572 747 1645 αὐτῶν
764 1572 848 1645 κατά
865 1572 901 1645 τό
919 1571 1020 1662 ἀναγ-

48 1692 153 1747 καῖον
177 1678 230 1746 ἐπὶ
255 1674 295 1745 τὰ
313 1673 401 1747 ὅπλα
425 1673 609 1767 χωρήσετε,
634 1677 690 1746 καὶ
714 1673 909 1765 συμμάχους
932 1679 1021 1758 ἕξετε
1040 1697 1075 1748 15

48 1775 127 1847 ὅσοι
155 1773 196 1846 τά
224 1781 356 1848 ἑαυτοῖν
384 1773 626 1867 ἀφαιρεθέντες
657 1776 891 1867 ἀπεγνώκασιν
913 1773 1022 1858 άλλως

48 1873 96 1951 ἀν
115 1884 165 1948 ἔτι
183 1875 266 1969 αύτά
290 1873 551 1969 ήπολεμοάντες
575 1875 637 1951 ούκ
661 1875 907 1969 ἀπολήψεσθαι.
943 1877 1021 1969 κρά-

46 2005 163 2061 τιστος
194 1982 231 2050 δὲ
254 1978 272 2051 ὁ
296 1977 412 2072 καιρὸς
438 1983 495 2051 καὶ
520 1978 589 2062 οίος
615 1979 677 2072 ούχ
703 1986 813 2073 ἕτερος
840 1985 1022 2053 ἐπιθέσθαι

41 2081 237 2172 Ῥωμαίοις,
260 2078 303 2153 δν
326 2078 347 2171 ή
365 2080 448 2171 τύχη
467 2101 536 2165 τοῖς
559 2080 793 2173 ἀδικουμένοις
810 2080 887 2154 ούδ’
907 2079 950 2154 ἀν
968 2086 1023 2152 έλ-

47 2184 220 2254 πισθέντα
237 2181 508 2273 παρεσκεύασεν,
538 2187 574 2253 έν
593 2176 621 2277 ᾧ
638 2182 849 2269 στασιάζουσι
866 2177 921 2254 καὶ
940 2179 1021 2254 ύπο-
1039 2208 1075 2258 2⁰

48 2282 239 2355 πτεύουσιν
258 2281 422 2374 ἀλλήλους
447 2287 503 2355 καὶ
521 2280 686 2375 ήγεμόνας
710 2291 845 2373 ἔχουσιν
863 2282 1022 2372 ἀπείρους

47 2388 211 2474 πολέμου.
255 2381 278 2455 ά
307 2386 369 2475 μὲν
393 2375 454 2457 οὖν
483 2384 711 2457 ὑποτίθεσθαι
741 2390 810 2454 ἔδει
833 2382 942 2472 λόγοις
966 2388 1023 2454 καὶ

48 2502 233 2577 παραινεῖν
256 2495 384 2576 φίλοις,
408 2483 489 2576 μετά
512 2485 621 2575 πάσης
645 2482 776 2568 εύνοίας
800 2486 856 2555 καὶ
879 2493 1032 2566 πίστεως.

50 2590 215 2680 εἰρημένα
237 2583 298 2658 ὑπ’
325 2593 406 2677 ἐμοῦ
427 2584 523 2659 ταῦτ’
543 2592 643 2659 έστίν.
684 2584 761 2657 άδὲ
779 2583 860 2678 παρ’
880 2582 965 2657 αύτά
982 2586 1022 2655 τά

50 2699 136 2779 ἔργα
156 2688 311 2760 ἑκάστοτε
328 2694 545 2781 προορᾶσθαί
565 2718 602 2760 τε
625 2692 681 2760 καὶ
703 2692 919 2780 μηχανάσθαι
944 2686 1022 2779 δεή-
1040 2710 1076 2760 25

51 2815 124 2880 σει,
150 2806 219 2874 τοῖς
237 2786 375 2881 ήγεμόσι
392 2796 450 2881 τής
469 2790 643 2881 δυνάμεως
662 2793 857 2883 ἐπιτρέψατε
876 2797 1023 2861 διανοεῖ-

14 2906 147 2963 εεσθαι.
189 2891 369 2982 πρόθυμον
385 2890 449 2983 γάρ
474 2896 529 2963 καὶ
546 2889 670 2982 τούμδν
689 2900 797 2982 ἔσται,
823 2896 859 2962 έν
877 2883 904 2984 ᾦ
922 2889 964 2961 ἀν
982 2919 1023 2979 με

51 2992 192 3083 τάττητε
209 2993 317 3087 τόπῳ,
341 2996 398 3064 καὶ
416 2993 613 3084 πειράσομαι
631 2994 777 3084 μηδενὸς
797 2994 882 3063 εἶναι
901 2998 1024 3081 χείρων

52 3094 137 3185 μήτε
157 3092 359 3185 στρατιώτου
376 3093 458 3186 μήτε
476 3100 619 3186 λοχαγοῦ
635 3094 718 3185 μήτε
735 3090 910 3184 ἡγεμόνος·
939 3089 1023 3164 ἀλλά

53 3200 274 3286 καταχρῆσθέ
292 3226 349 3287 μοι
366 3196 541 3287 λαβόντες,
572 3195 658 3268 ὅπου
685 3192 728 3267 ἀν
750 3200 859 3286 μέλλω
883 3224 914 3265 τι
936 3190 1022 3285 ύμάς
1041 3216 1077 3266 3⁰

55 3295 257 3389 ὠφελήσειν,
275 3303 332 3369 καὶ
350 3290 390 3371 εύ
409 3311 478 3371 ίστε
495 3296 558 3386 ὅτι,
577 3306 609 3368 εί
625 3303 780 3388 πολεμῶν
796 3295 878 3386 ύμῖν
895 3294 1023 3386 μεγάλα

274 34 324 90 ”
437 35 644 147 -Ηζ
844 81 1019 149 '111'
1173 77 1178 188 ή

1176 284 1179 352 ι

1178 371 1179 406 λ

1178 441 1179 488 λ
