2384 3850
32 9 307 62 p'..··

431 114 635 172 -H—
958 106 1022 169 169

24 289 118 408 phul
129 283 273 375 μακρόν,
314 282 398 355 οἷδ’
424 291 462 356 έν
485 290 531 379 τῷ
555 291 725 378 συνεδρίῳ
748 281 910 373 παρόντες
930 281 1020 354 Οὐο-

65 387 206 458 λούσκων
241 382 303 457 οὐκ
333 384 512 477 ήνέσχουτο
546 383 609 476 τήν
639 384 784 474 ἀήθειαν
813 386 871 476 τῆς
897 382 1019 474 ὄφεως,

67 486 130 557 ἀλλ’
149 485 420 577 ἀπεστράφησαν.
466 485 565 572 αὐτός
589 482 661 558 δεό
682 485 835 575 Μάρκιος
855 481 1020 576 άυαλόμε

24 627 25 630 “
65 618 114 671 νος
131 595 167 660 ἐκ
183 595 242 660 τοῦ
260 595 391 715 δίφρου
415 592 471 660 καὶ
488 587 680 677 περιπεσών
702 617 742 679 τῃ
727 584 899 677 μήτρί’
882 616 925 657 αν
926 595 1019 676 ίσ-τή

67 713 115 761 σιυ
129 688 233 781 αὐτήν
251 688 316 761 ἀπὸ
339 697 398 778 τῆς
416 696 476 779 γῆς
493 687 610 779 ὀλίγον
633 694 858 779 ἐμπνέουσαν,
886 691 942 759 καὶ
960 715 1020 759 πε·
1055 701 1075 748 5

68 790 205 880 ριβαλων
225 795 281 862 καὶ
307 789 413 881 πολλά
437 795 553 881 έκχέας
578 789 759 880 δάκρυα
726 810 813 860 ειπε·
841 780 1020 881 Νικᾷς,ω

67 898 177 1021 μήτερ,
186 891 249 964 οὐκ
266 889 389 983 εὐτυχῆ
407 901 506 983 νίκην
523 891 601 964 οὐτε
619 896 745 981 σεαυτῇ
760 887 819 961 οὐτ
821 889 941 981 ’έμοέ
959 890 1021 981 τήν

67 996 120 1083 μὲν
139 992 203 1083 γάρ
227 1003 329 1081 πατρί
315 1001 373 1064 ίδα
396 999 562 1084 σέσωκας,
594 995 651 1084 ἐμὲ
676 994 713 1067 δε
737 992 796 1064 τὸν
819 989 941 1081 εὐσεβή
964 996 1020 1063 καὶ

67 1094 277 1185 φιλόστοργον
300 1093 378 1167 υίόυ
394 1092 618 1178 ἀπολώλεκας.
651 1100 754 1166 ταῦτα
772 1092 875 1165 εἰπάν
893 1096 946 1165 έπλ
960 1091 1021 1182 τήν

24 1263 25 1266 ,
66 1196 183 1286 σκηνήν
201 1189 320 1288 ἀπήει,
337 1196 510 1278 ,κελεύσας
527 1196 730 1272 ἀκολουθεῖν
752 1195 815 1284 τήν
837 1225 873 1267 τε
897 1199 1021 1284 μητέρα
1041 1206 1090 1288 10Ι

66 1296 197 1387 καλιήν
218 1315 364 1388 γυναῖκα
394 1302 450 1369 καί
473 1296 513 1368 τά
537 1305 672 1387 παιδία,
707 1306 792 1370 ἔνθα
821 1294 880 1367 τόν
904 1296 1021 1368 λοιπὸν

67 1404 118 1488 τής
133 1399 256 1490 ήμέρας
273 1399 395 1489 χρόνον
412 1398 641 1489 σκοπούμενος
659 1396 724 1470 σύν
742 1397 858 1479 αὐταῖς
875 1396 893 1468 ό
910 1428 941 1468 τι
960 1396 1021 1489 χρή

68 1500 213 1589 πράττειν
228 1504 421 1573 διετέλεσεν.
442 1493 485 1591 ήν
503 1503 539 1571 δὲ
557 1500 597 1571 τά
613 1499 754 1583 δόξαντα
768 1497 881 1580 αὐτοῖς
894 1499 1019 1568 τοιάδε·

69 1606 137 1692 περὶ
152 1604 214 1692 μέν
231 1607 290 1692 τής
308 1601 460 1673 καθόδου
478 1601 561 1691 μήτε
577 1601 640 1691 τήν
657 1598 785 1690 βουλήν
802 1603 895 1679 τέλος
912 1598 1022 1688 μιχθὲν

70 1706 213 1792 ἐκφέρειν
240 1712 288 1786 εἰς
314 1702 372 1775 τόν
400 1708 506 1793 δήμου
535 1700 612 1794 μήτ’
639 1707 768 1773 ἐκεῖνον
797 1704 1021 1789 ἐπιψηφίζειν,
1041 1720 1077 1767 15

68 1808 139 1892 πρὶν
159 1800 203 1876 ἀν
225 1822 295 1887 τοῖς
317 1802 541 1886 Οὐολούσκοις
560 1800 702 1893 εὐτρεπῆ
725 1804 860 1892 γένηται
882 1801 922 1872 τά
945 1805 1022 1889 περὶ

22 1912 169 1994 Ιλθφιλίας
192 1910 249 1978 καὶ
272 1904 484 1989 καταλύσεως
506 1915 565 1978 τοῦ
589 1908 750 1996 πολέμου·
779 1899 882 1976 αὐτόν
906 1904 944 1975 δέ
961 1903 1024 1993 τήν

68 2008 216 2098 στρατιάν
238 2007 471 2099 ἀναστήσαντα
497 2004 542 2090 ως
565 2005 621 2079 διά
644 2015 758 2097 φιλίας
780 2015 841 2096 γής
864 2004 1021 2096 ἀπάγειν·

68 2107 247 2201 ὑποσχόντα
272 2111 310 2180 δὲ
334 2118 392 2199 τής
415 2106 517 2201 ἀρχῆς
533 2109 644 2198 λόγου
669 2113 723 2180 καὶ
751 2106 808 2190 τάς
833 2107 1023 2197 εὐεργεσίας

68 2205 323 2301 ἀποδειξάμενον
345 2210 462 2295 ἀξιοῦν
485 2210 563 2294 τούς
587 2214 826 2299 ἐπιτρέψαντας
850 2208 941 2302 αὐτῷ
963 2210 1025 2298 τήν
1042 2228 1079 2275 2ο

70 2311 236 2402 στρατιάν,
266 2312 407 2402 μάλιστα
433 2313 497 2402 μέν
517 2319 617 2436 φιλίᾳ
641 2315 799 2401 δέχεσθαι
825 2307 902 2391 τούς
925 2320 1025 2379 πολε-

70 2421 156 2499 μίους
173 2417 230 2485 καὶ
247 2412 423 2503 συνθήκας
446 2412 652 2505 ποιήσασθαι
678 2418 824 2500 δικαίας,
856 2405 945 2504 αυτῷ
962 2406 1025 2498 τήν

70 2514 193 2604 ἰσότητα
211 2517 268 2586 καὶ
280 2513 322 2586 τό
339 2513 393 2639 μή
402 2523 573 2605 σφαλήναι
590 2517 668 2602 περὶ
685 2514 742 2596 τάς
759 2509 934 2604 ὁμολογίας
953 2516 1025 2581 έπι-

69 2619 254 2702 τρέψαντας.
300 2624 331 2687 εί
317 2612 393 2687 ί’δ
426 2619 480 2693 έπὶ
505 2634 574 2699 τοῖς
605 2619 881 2704 κατωρθωμένοις
908 2621 1025 2704 σφίσιν

70 2712 246 2800 αὐθαδείας
275 2713 566 2844 ἀναπιμπλάμενοι
595 2714 641 2840 μή
671 2720 819 2807 δέχοιντο
849 2713 906 2809 τάς
931 2722 1026 2787 διαλ-
1043 2732 1080 2780 25

70 2817 181 2908 λαγάς,
213 2815 422 2908 ἀφίστασθαι
450 2824 509 2908 τῆς
532 2817 637 2942 ἀρχής
666 2815 787 2900 αὐτοῖς.
832 2846 853 2905 η
876 2845 940 2905 γαρ
963 2815 1025 2938 οὐχ

71 2912 244 3010 ὑπομενεῖν
273 2916 395 3004 αὐτοδς
424 2918 527 2993 ἀλλον
548 2920 625 2992 τινά
648 2927 820 3010 αἱρεῖσθαι
843 2916 1027 3004 στρατηγὸν

73 3015 112 3085 δι’
130 3017 275 3112 ἀπορίαν
291 3019 425 3112 ἀγαθοῦ
448 3017 627 3144 ἡγεμόνος,
653 3014 1027 3110 ήπαρακινδυνεάσαν-

75 3146 124 3202 τας
139 3120 316 3217 ὁτῳδήτινι
333 3131 544 3211 παραδοῦναι
560 3121 619 3205 τάς
641 3119 804 3212 δυνάμεις
818 3115 883 3190 σύν
900 3115 1027 3208 μεγάλῃ

77 3223 333 3349 διδαχθήσεσθαι
351 3223 461 3317 βλάβῃ
483 3224 546 3316 τήν
561 3253 622 3295 του
607 3225 869 3312 συμφέροντος
887 3226 1026 3309 αἵρεσιν.
1046 3233 1083 3282 30

74 3317 109 3388 τὰ
129 3352 188 3412 μεν
211 3323 254 3415 δή
278 3329 510 3449 βαμλευθέυτα
533 3321 647 3406 αὐτοῖς
670 3326 726 3394 καὶ
751 3322 893 3407 δόξαντα
915 3317 1028 3390 δίκαιά

75 3448 106 3491 τε
120 3425 207 3497 nal*
187 3451 265 3500 οσια
290 3417 394 3516 εἶναι,
424 3425 537 3517 φήμης
558 3456 595 3498 τε
617 3423 749 3513 ἀγαθής
774 3422 826 3511 ἐφ’
847 3412 1028 3578 ήμάλιστά
