2384 3850
431 23 658 123 92-
1022 62 1043 126 τ

14 244 19 303 ’.ς
64 235 150 318 δούς
168 234 230 325 την
247 233 403 325 ἡμίσειαν
419 239 477 325 τῆς
495 239 649 325 στρατιᾶς
668 241 816 324 ἐπεμψεν
831 242 922 307 ίδίαν
934 232 1043 329 ἀρχὴν

65 337 258 427 κτήσασθαι
276 336 493 426 βουλόμενον,
514 332 558 419 τός
577 341 615 407 έν
632 353 701 417 τοῖς
718 336 782 427 πρό
800 336 919 409 τούτου
939 338 1044 427 δεδη-

65 451 160 510 λωκα
179 437 304 527 λόγοις·
329 435 366 520 δς
385 436 568 528 ἐπολιόρκει
587 436 660 510 τότε
677 435 755 519 τούς
770 435 963 529 Ἀρικηνοὺς
982 469 1041 510 κα-

63 537 319 631 ταπεφευγότας
344 547 391 622 είς
414 538 451 609 τό
469 556 576 630 τεῖχος
599 541 656 610 καὶ
673 537 717 610 ού
735 537 791 609 διό
807 545 936 630 μακροῦ
954 545 1042 634 λιμῷ
1064 566 1068 573 ·

62 641 131 730 τὴν
161 640 259 712 πόλιν
289 639 443 731 αἱρήσειν
474 639 565 735 η’όετο,
620 638 742 730 ταύτης
771 643 830 730 της
860 649 1040 733 πρεσβείας
1059 641 1093 704 '5

63 742 273 833 ἀφικομένης
302 748 337 813 οί
362 741 602 833 προεστηκότες
631 746 688 832 τῆς
711 740 964 832 ἀριστοκρατίας
986 773 1043 831 μι-

64 848 206 927 σοῦντες
228 841 287 915 τόν
300 841 541 935 Ἀριστόδημον
564 847 621 914 καὶ
639 841 802 931 δεδιότες,
826 843 872 933 μή
889 872 920 913 τι
938 842 1043 914 κακόν

67 944 284 1037 ἐξεργάσηται
302 947 381 1035 περὶ,
395 941 458 1034 την
474 951 657 1032 πολιτείαν,
677 943 853 1015 κόλλιστον
869 940 1056 1033 ύπέλαβον·

10 1071 53 1120 323
70 1050 246 1134 εἰληφέναι
276 1044 394 1137 καιρόν
425 1050 578 1118 ἐκποδῶν
613 1043 717 1117 αὐτόν
747 1043 952 1134 ποιήσασθαι
977 1045 1043 1117 σύν

67 1146 252 1238 εὐσχήμονι
260 1146 435 1240 προφάσει.
455 1156 630 1229 πείσαντες
644 1147 686 1236 δὴ
700 1144 759 1218 τόν
768 1151 876 1236 δῆμον
888 1143 1041 1219 ἀποστεῐ-
1062 1161 1094 1207 10

65 1260 122 1319 λαι
137 1248 324 1341 Ἀρικηνοις
344 1256 526 1338 δισχιλίους
544 1247 671 1338 ἀνδρας
690 1250 744 1319 ἐπὶ
762 1256 966 1371 συμμαχίαν,
985 1252 1042 1318 καὶ

65 1348 256 1441 στρατηγόν
276 1348 570 1434 ἀποδείξαντες
536 1379 594 1421 τον
610 1345 895 1471 Ἀριστόδημον
870 1379 915 1432 ως
940 1347 982 1473 δη
1000 1349 1042 1420 τό

65 1453 209 1541 πολέμια
227 1450 397 1543 λαμπρόν,
415 1480 455 1521 τα
472 1451 554 1542 μετά
571 1456 677 1522 ταῦτα
696 1457 875 1541 ἔπραττον,
901 1441 981 1535 ἐξ
953 1480 1002 1521 ων
1019 1481 1040 1538 η

65 1551 361 1643 κατακοπήσεσθαι
383 1550 572 1677 μαχόμενον
596 1549 663 1622 ὑπό
686 1556 755 1621 τῶν
777 1555 963 1641 Τυρρηνόν
980 1548 1041 1620 αύ-

64 1652 127 1725 τόν
146 1649 401 1744 ύπελάμβαυον,
426 1683 447 1742 η
466 1682 549 1724 κατα
568 1654 711 1741 πέλαγος
731 1651 1038 1742 διαφθαρήσεσθαι.
1060 1673 1092 1722 15

64 1754 243 1845 γενόμενοι
261 1755 324 1848 γδιρ
341 1753 408 1826 ὑπὸ
426 1757 485 1843 τῆς
503 1759 628 1844 βουλῆς
645 1753 754 1846 κύριοι
772 1755 945 1836 καταλέξαι
963 1750 1042 1834 τούς

67 1858 125 1927 ἐπὶ
142 1855 205 1946 τὴν
223 1865 413 1949 συμμαχίαν
432 1859 725 1947 ἐξελευσομένους,
748 1858 816 1926 τεόν
838 1855 900 1945 μέν
924 1853 1042 1946 ἐπισή-

65 1987 143 2048 μων
155 1961 211 2029 καὶ
223 1958 324 2049 λόγον
332 1958 436 2043 ἀξίων
448 1954 573 2031 ούδένα
586 1960 815 2051 κατέγραψαν,
834 1960 1042 2041 ἐπιλέξαντες
1099 1971 1101 1973 ’

67 2062 105 2129 δέ
117 2057 195 2141 τούς
212 2056 446 2150 ἀπορωτάτους
463 2089 499 2131 τε
517 2062 574 2131 καὶ
591 2058 837 2150 πονηροτάτους
854 2063 923 2129 τῶν
941 2064 1042 2148 δημο·
1099 2081 1103 2085 ·

65 2188 223 2249 τικωυ,ε
208 2152 282 2246 ξ
255 2190 304 2232 ων
321 2160 377 2233 ἀεί
390 2190 482 2243 τινας
499 2159 701 2232 ὑπώπτευον
723 2158 985 2249 νεωτερισμούς,
1006 2162 1042 2229 ἐκ
1059 2180 1093 2227 20

67 2259 199 2334 τούτων
217 2261 482 2354 συνεπλήρωσαν
499 2259 557 2333 τόν
570 2257 771 2343 ἀπόστολον
790 2264 847 2331 καὶ
860 2263 945 2341 ναός
961 2262 1043 2330 δέκα

66 2360 214 2445 παλαιός
233 2362 371 2434 κάκιστα
389 2362 554 2444 πλεούσας
573 2360 854 2447 καθελκύσαντες,
868 2389 917 2430 ων
934 2364 1042 2484 ἐτριη-

67 2462 220 2553 ράρχουν
237 2471 272 2535 οί
287 2468 480 2536 πενέστατοι
498 2470 723 2552 Κυμαίων,ε
707 2470 754 2544 είς
778 2458 899 2542 ταύτας
918 2455 1042 2543 αύτούς

69 2570 275 2653 ἐνεβίβασαν
288 2565 439 2637 θάνατον
456 2563 697 2676 ἀπειλήσαντες
712 2561 770 2634 ἐόν
783 2591 832 2644 τις
847 2559 1043 2653 ἀπολειφθῇ

68 2670 129 2756 τῆς
143 2674 326 2756 στρατείας.
1060 2683 1094 2731 25

8 2786 60 2835 333
153 2766 206 2836 Vl.
230 2762 320 2839 οδ’
342 2766 577 2859 Ἀριστόδημος
605 2768 769 2838 τοσοῦτον
793 2764 898 2837 είπων
925 2764 1042 2855 μόνον,
1088 2807 1089 2810 ¹

72 2898 117 2951 ως
141 2866 183 2939 ού
213 2870 358 2958 λέληθεν
387 2865 490 2939 αὐτόν
517 2895 538 2955 η
562 2866 695 2939 διάνοια
717 2872 785 2938 τῶν
808 2864 1011 2956 ἐχθρῶν,”
991 2894 1044 2935 οτι

72 2968 162 3063 λόγῳ
180 2970 243 3059 μὲν
262 2973 315 3040 ἐπὶ
333 2976 524 3059 συμμαχίαν
541 2965 645 3039 αύτόν
662 2967 936 3055 ἀποστέλλουσιν,
956 2974 1044 3059 έργφ

72 3068 105 3138 δ’
126 3078 172 3152 είς
186 3062 357 3160 προῦπτον
366 3068 521 3160 ὄλεθρον,
536 3071 666 3160 δέχεται
678 3066 790 3159 μὲν
752 3097 815 3194 την
828 3073 1043 3158 στρατηγίαν,

72 3169 233 3301 ἀναχθεὶς
259 3168 291 3242 δ’
317 3170 386 3261 ἅμα
416 3187 484 3252 τοῖς
508 3174 666 3260 πρέσβεσι
689 3199 758 3241 των
776 3168 963 3260 Ἀρικηνῶν
987 3166 1044 3238 διά
1060 3192 1096 3239 εο

73 3276 201 3361 ταχέων
226 3277 282 3343 καλ
304 3302 341 3343 το
328 3269 481 3362 μεταξύ
505 3274 647 3360 πέλαγος
665 3269 828 3355 ἐπιπόνως
852 3272 907 3339 καὶ
925 3274 1044 3338 κινδυ-

74 3377 192 3455 νωδεός
223 3372 385 3454 διανύσας
413 3368 578 3463 ὁρμίζεται
602 3371 684 3443 κατὰ
710 3370 790 3452 τούς
819 3378 955 3458 ἔγγιστα
984 3372 1044 3454 τῆς

467 3600 559 3671 51⁴»
