2384 3850
152 79 216 144 282
535 114 574 125 -
621 79 735 139 Θ-

154 261 283 346 ἔμαθον
293 257 397 324 ταῦτα
410 251 497 324 πολὺ
516 255 590 334 δέος
605 253 787 342 εἰσέρχεται
800 253 858 322 καλ
876 246 1073 374 φρυντίς,”
1053 279 1128 345 οτω

153 354 217 448 χρὴ
234 354 346 450 τρόπῳ
363 352 442 438 τούς
458 381 494 425 τε
507 351 635 445 άυδρας
649 350 912 426 ἐκλύσασθαι
870 381 930 442 της
944 359 1052 436 αἰτίας
1067 321 1132 423 κάλ

153 486 213 528 του
198 461 433 547 ’δημαγωγοῦ
451 447 487 528 τό
505 455 634 548 θράσος
653 459 811 546 ἐπισχεῖν.
830 457 887 525 καὶ
905 451 948 542 δὴ
966 457 1130 525 ἐδέδοκτο

154 557 279 648 αὐτοῖς,
298 571 333 630 εί
345 587 377 647 τι
395 565 578 648 ψηφίσαιτο
595 553 678 628 κατά
686 561 753 677 τῆς
770 553 874 682 άρχης
897 559 966 627 τῶν
981 553 1132 628 ὑπάτων

119 659 171 740 56
192 666 315 751 δῆμος,
333 690 379 750 μη
368 657 646 750 ἐπιτρέπειυ’
606 662 698 754 αυτῷ
714 655 798 731 κατά
814 657 851 729 τό
871 655 1035 749 καρτερόν
1055 663 1131 729 ἐνι-

154 763 337 852 σταμένους
360 764 416 832 καλ
441 769 472 833 εί
498 763 567 832 δέοι
591 763 647 832 καλ
672 767 721 843 είς
738 759 825 831 όπλα
842 764 1043 852 χωροῦντας.
1081 758 1129 830 οὐ

153 863 220 955 μὴν
245 864 363 953 ἐδέησέ
383 890 422 953 γε
445 871 515 935 τῶν
532 869 655 952 βιαίων
671 858 813 944 οὐδενὸς
831 857 961 950 αὐτοῖς,
984 877 1131 951 ταχεῖαν

23 1035 29 1046 ,
154 964 315 1094 λοιβόυτρς
326 967 386 1035 τού
398 963 561 1038 κινδύνου
571 967 627 1035 καλ
640 963 831 1056 παράδοξον
842 961 905 1052 τὴν
917 961 1031 1036 λύσιν·
1046 967 1133 1053 μιᾶς

153 1065 218 1156 γάρ
231 1062 355 1185 ἡμέρας
368 1063 471 1155 ου”σης
485 1073 533 1139 ἐτι
547 1073 663 1155 λοιπῆς
673 1095 714 1156 τη
700 1070 817 1156 δίκη,
830 1062 949 1156 νεκρός
960 1063 1133 1147 Γενύκιος

104 1200 137 1249 10
155 1170 262 1238 ἐπὶ
222 1195 280 1255 της
300 1169 421 1237 ἑαυτοῦ
446 1175 557 1257 κοίτης
581 1166 724 1260 εὑρέθη,
747 1182 888 1259 σημείου
909 1164 1013 1238 οὐδὲν
1035 1173 1133 1257 ἐχωυ

153 1374 221 1441 τάν
240 1374 470 1460 ἐξέπιβουλης
487 1369 649 1444 θανάτων
666 1368 815 1457 οὐδενός.
847 1364 944 1452 ωςδ’
965 1367 1132 1460 ἐγνώσθη

153 1471 190 1544 τό
208 1469 336 1561 πάθος,
361 1475 416 1542 καλ
434 1470 685 1564 προηνέχθη
650 1501 688 1543 το
709 1471 806 1563 ’σῶμα
830 1478 878 1554 είς
901 1501 963 1560 την
981 1469 1131 1562 άγοράν,

156 1564 330 1664 δαιμόνιόν
347 1602 379 1644 τι
396 1571 573 1656 κωλύσεως
591 1571 791 1698 συγκύρημα
809 1576 925 1656 έδοξευ
941 1571 1045 1661 εἶναι,
1065 1577 1131 1644 και
1143 1599 1190 1650 184

105 1705 137 1754 15
155 1672 274 1747 αὐτίκα
286 1705 307 1764 η
295 1673 398 1765 ’δίκη
411 1679 589 1748 διελέλυτο
605 1704 674 1746 των
659 1674 749 1772 γάρ
758 1672 871 1746 αλλων
879 1672 992 1757 ουδελς
1002 1673 1131 1765 ἐτόλμα

156 1775 335 1869 δημάρχων
353 1774 583 1850 άυυκαλεῑν
547 1807 610 1867 την
622 1774 753 1865 στάσιν,
770 1775 856 1849 άλλά
869 1779 926 1846 καλ
939 1805 998 1848 του
982 1780 1130 1847 Γενυ-

154 1887 230 1952 κίου
248 1887 498 1969 κατεγίνωσκον
512 1877 639 1970 πολλὴν
655 1887 790 1971 μανίαν.
817 1885 848 1953 εί
864 1879 928 1970 μὲν
940 1869 1004 1951 οὖν
1015 1879 1130 1969 μηδὲν

154 1989 202 2053 ἔτι
226 1986 583 2071 πολυπραγμονοῦντες
606 1989 643 2053 ολ
663 1978 786 2053 ὕπατοι
808 1984 1018 2070 διετέλεσαν,
1044 1978 1127 2050 ἄλλ’

153 2078 290 2171 άφῆκαν
308 2076 352 2163 άς
369 2076 387 2151 ὁ
408 2087 537 2172 δαίμων
555 2086 710 2175 ἐκοίμησε
726 2082 790 2173 τὴν
806 2080 935 2172 στάσιν,
948 2081 1063 2165 οὐδεὶς
1080 2079 1130 2153 άυ

103 2212 137 2261 20
155 2179 276 2264 αὐτούς
295 2188 343 2254 ἐτι
356 2186 518 2272 κατέλαβε
535 2191 710 2267 κίνδυνος·
734 2189 801 2256 νῦν
815 2185 855 2257 δέ
868 2191 915 2267 είς
929 2182 1128 2255 αὐθάδειαν

154 2287 210 2357 καὶ
233 2283 486 2376 καταφρόνησιν
507 2290 568 2357 τού
592 2289 775 2377 δημοτικοῦ
790 2283 992 2377 τραπόμενοι
1011 2288 1070 2358 καλ
1086 2284 1127 2356 τό

153 2392 211 2476 τῆς
235 2382 338 2477 ἀρχῆς
362 2386 481 2477 κράτος
505 2385 586 2459 ὅσον
609 2392 702 2459 ἐστὶν
721 2391 883 2472 ἐπιδεῖξαι
907 2385 1124 2478 βουλόμενοι,

154 2486 240 2559 κακά
263 2486 495 2579 ἐξειργάσαντο
518 2487 655 2580 μεγάλα.
692 2493 875 2581 προθέντες
899 2486 964 2578 γάρ
982 2509 1125 2578 στρατο-

154 2594 274 2679 λογίαν
292 2592 348 2659 καλ
366 2590 444 2673 τούς
462 2588 524 2681 ούχ
540 2587 772 2675 ὑπακούοντας
789 2609 863 2673 ταῖς
879 2618 916 2661 τε
933 2588 1049 2673 άλλαις
1067 2599 1124 2679 ζη-

102 2718 136 2769 25
154 2697 245 2779 μίαις
273 2692 330 2759 καλ
357 2701 498 2780 πληγαῖς
529 2691 669 2782 ῥάβδων
694 2690 1040 2782 προσαναγκάζοντες,
1072 2698 1124 2775 εἰς

154 2787 317 2863 άπόυοιυν
332 2795 493 2882 ἐποίησαν
500 2799 687 2883 τραπέσθαι
695 2795 758 2866 τού
768 2798 949 2885 δημοτικοῦ
956 2792 993 2865 τὸ
1005 2794 1120 2884 πλέον,

153 2891 223 2964 άπό
237 2890 391 2984 τοιαύτης
409 2891 542 2983 μάλιστ’
563 2903 679 2979 οιέτίας.

228 2995 429 3066 XXXVIIII.
448 2993 549 3087 Ἀυήρ
562 3026 612 3080 τις
631 3001 749 3068 ἐκτῶν
763 3002 953 3088 δημοτικῶν
964 2996 1006 3067 τά
1019 2998 1121 3067 πολέ-

152 3125 212 3185 μια
236 3097 396 3191 λαμπρός,
414 3099 570 3188 Βολέρων
587 3097 754 3188 Πόπλιος,
772 3094 956 3190 ἡγεμονίαν
974 3096 1122 3189 ἐσχηκυδς

102 3226 136 3275 ςο
153 3194 263 3286 λόχων
281 3200 318 3267 ἐν
334 3217 407 3280 ταῖς
425 3202 601 3291 προτέραις
618 3207 823 3292 στρατείαις,
840 3199 915 3271 τότε
931 3197 1008 3271 άντλ
1025 3210 1121 3290 λοχα-

153 3301 218 3387 γού
247 3298 447 3388 στρατιώτης
477 3298 559 3389 πρός
589 3297 702 3373 αύτῶν
736 3300 970 3394 κατεγράφετο.
988 3355 991 3359 1
1007 3296 1053 3382 οἱς
1085 3302 1187 3377 δέιεα

154 3394 352 3485 ἠναντιοῦτο
379 3403 435 3469 καὶ
459 3396 522 3471 ούκ
539 3399 637 3491 ἠξίου
653 3399 768 3495 χάραν
785 3400 985 3495 ἀτιμοτέραν
1001 3410 1121 3493 λαβεῖν
