2384 3850
443 123 641 182 ...ς-

45 326 175 387 μενος,
199 293 277 368 οὔτε
301 299 339 366 ἐν
364 293 498 384 δεήσεσι
522 300 579 367 καὶ
601 305 840 386 προκυλισμοῖς
862 297 1026 393 ἀσχήμοσι

45 395 213 481 ταπεινὸς
231 403 371 487 φανείς,
395 392 467 469 αὕτ’
493 391 600 488 ἀλλην
623 394 752 486 ἀγεννῆ
769 398 926 474 διάθεσιν
942 405 1028 478 ἀπό-

47 499 251 590 δειξάμενος
265 496 445 589 οὐδεμίαν,
463 497 639 588 παρέδωκε
652 498 711 569 τδν
723 498 825 588 λέγον
837 504 911 586 τοῖς
924 529 1027 578 συνα-

46 601 211 692 γορεῦειν
228 596 249 691 ἢ
267 617 454 692 μαρτυρεῖν,
474 604 701 692 βουλομένοις.
727 606 856 674 ’πολλοὶ
878 606 941 695 μέν
963 599 1028 680 οῦν

47 708 103 775 καὶ
123 703 226 774 ἄλλοι
249 701 425 794 παριόντες
443 697 590 775 ἀπέλυον
615 700 794 793 αῦτδντης
817 715 942 799 αἰτίας,
966 709 1026 798 μά-
1063 728 1079 777 5

48 817 150 877 λιστα
180 806 219 876 δὲ
245 801 441 896 Οῦεργίνιος
467 802 486 874 δ
513 803 597 876 κατά
626 803 686 877 τδν
709 804 815 877 αῦτδν
836 804 1027 894 ὑπατεύσας

48 906 180 1000 χρόνον
193 909 248 978 καὶ
261 912 319 997 τῆς
332 913 428 996 νίκης
442 917 546 987 αἴτιος
561 909 647 978 εἶναι
666 912 791 979 δοκῶν
810 904 846 992 δς
864 907 905 980 οῦ
922 911 1028 1001 μόνον

49 1008 209 1081 ἀναίτιον
232 1006 335 1081 αὐτὸν
358 1006 563 1098 ἀπέφαινεν,
587 1006 672 1080 ἀλλά
695 1013 752 1080 καὶ
781 1008 826 1092 ῦς
848 1011 1028 1101 κράτιστον

50 1109 194 1201 ἀνδροῖν
221 1108 261 1182 τά
292 1111 433 1200 πολέμια
460 1114 517 1181 καὶ
547 1117 742 1203 στρατηγῶν
773 1114 1028 1203 φρονιμώτατον

52 1218 276 1284 ἐπαινεῖσθαί
290 1241 326 1284 τε
343 1215 577 1300 καλαμᾶσθαι
594 1207 662 1284 ῦπό
680 1212 818 1286 πάντων
834 1213 940 1304 ἠξίου.
961 1214 1026 1308 ἔφη
1047 1237 1079 1285 10

11 1357 13 1396 ι
53 1316 90 1386 δὲ
110 1321 208 1403 δεῖν,
234 1321 264 1384 εί
286 1317 349 1404 μέν
366 1310 498 1403 ἀγαθδν
515 1323 644 1386 οίονται
660 1318 754 1398 τέλος
773 1322 946 1406 εἰληφέναι
968 1318 1028 1392 τδν

52 1416 204 1506 πόλεμον
222 1412 421 1507 ἀμφοτέροις
445 1423 540 1503 σφίσι
563 1415 627 1507 τὴν
647 1413 747 1506 χάριν
770 1421 913 1490 εἰδέναι·
937 1428 969 1490 εί
991 1422 1029 1491 δέ

53 1517 208 1607 πονηρὸν
225 1515 434 1611 ἀμφοτέρους
452 1519 607 1606 ζημιοῦν·
639 1515 736 1590 κοινά
752 1515 816 1609 γάρ
834 1517 948 1602 αὐτοῖς
971 1525 1027 1590 καὶ

11 1621 93 1691 λαιὰ
110 1617 328 1710 βουλεύματα
346 1623 402 1691 καὶ
418 1619 459 1690 τά
477 1627 558 1710 ἔργα
576 1620 633 1691 καὶ
650 1616 708 1702 τάς
726 1622 763 1690 έκ
775 1625 836 1690 τοῦ
851 1628 1028 1710 δαιμονίου

54 1721 158 1812 τῦχας
176 1725 358 1810 γεγονέναι.
379 1710 422 1812 ἦν
440 1722 478 1792 δέ
495 1718 536 1792 οῦ
553 1719 658 1810 μόνον
674 1715 803 1811 δλῦγος
823 1726 884 1794 τοῦ
902 1719 1027 1816 ἀνδρὸς
1046 1743 1080 1792 15

54 1821 141 1896 ἀλλὰ
154 1818 240 1894 καὶὸ
254 1832 327 1913 βίος
335 1832 479 1912 πείθων,
495 1827 533 1892 έν
545 1821 673 1896 ἀπασιυ
687 1826 903 1914 ἐξητασμένος
918 1832 1027 1916 ἔργοις

55 1925 209 2015 ἀγαθοῖς.
241 1930 371 2019 προσῆν
403 1927 439 1997 δὲ
469 1924 615 2016 τούτοις,
647 1921 848 2000 δπλεῐστον
871 1932 1028 2016 ἐκίνησεν

57 2030 188 2117 οἶκτον,
213 2024 320 2113 ὄφεως
345 2032 455 2119 σχῆμα
479 2029 673 2118 συμπαθές,
704 2026 779 2101 οἷον
804 2033 881 2121 περὶ
904 2026 1027 2113 αῦτοῦς

56 2129 135 2212 τοῦς
153 2127 405 2219 πεπονθόταςῆ
429 2132 611 2220 μέλλοντας
628 2130 772 2220 πάσχειν
794 2130 835 2217 τοὶ
859 2131 955 2204 δεινά
978 2141 1027 2221 γί·

57 2244 182 2305 νεσδαι
198 2241 299 2321 φιλεῖ.
329 2229 487 2303 ὥστεκαὶ
511 2229 586 2312 τοῦς
604 2229 835 2322 προσήκοντας
851 2250 921 2315 τοῖς
942 2230 1028 2305 ἀπο-
1045 2250 1084 2299 κο

56 2328 183 2406 λοιλδσι
205 2335 261 2405 καὶ
280 2337 462 2416 δοκοῦντας
492 2332 721 2413 ἀδιαλλάκτως
751 2340 841 2423 ἔχειν
864 2332 946 2425 πρδς
969 2334 1029 2404 τδν

57 2448 167 2508 αἴτιον
186 2442 281 2523 σφίσι
298 2443 357 2526 τῆς
374 2438 567 2526 συμφορᾶς,
590 2436 846 2527 μαλακωτέρους
868 2436 1028 2523 γενέσθαι

57 2542 111 2611 καὶ
144 2532 338 2609 ἀποθέσθαι
367 2536 429 2627 τὴν
454 2534 576 2629 ὀργήν,
608 2533 653 2617 ὣς
684 2534 866 2626 ἐδήλωσαν.
907 2532 1028 2607 ἀναδο-

57 2646 187 2713 θεισῶν
214 2637 278 2728 γάρ
301 2640 368 2711 τῦν
391 2637 516 2729 ψήφων
540 2636 683 2729 ον’δεμία
706 2634 798 2728 φυλὴ
821 2641 881 2709 τοῦ
904 2635 1028 2730 ἀνδρὸς

58 2748 319 2829 κατεψηφίσατο.
338 2738 356 2811 δ
374 2742 436 2831 μέν
454 2732 517 2813 οῦν
533 2739 593 2812 τδν
610 2750 813 2832 Σερουίλιον
830 2739 1028 2829 καταλαβών
1046 2758 1084 2807 σε

59 2850 218 2924 κίνδυνος
236 2842 388 2914 τοιοῦτον
405 2846 520 2926 τέλους
538 2849 664 2937 ἔτυχεν.

135 2943 300 3014 XXXssss.
331 2942 382 3017 Οὐ
401 2948 514 3039 πολλῷ
539 2942 571 3014 δ’
592 2943 735 3034 ὕστερον
756 2942 867 3037 χρόνῳ
891 2940 1028 3033 στρατιά

11 3078 13 3119 ι
56 3048 225 3139 Ῥωμαίων
249 3050 391 3137 έξηλθεν
415 3048 470 3117 ἐπὶ
500 3042 696 3138 Τνρρηνοῦς
718 3041 857 3133 ἀγοντος
880 3040 1029 3133 θατέρου
1134 3086 1136 3088 >

60 3154 128 3223 τῦν
145 3146 285 3221 ῦπάτσν
297 3154 452 3222 Ποπλίου
467 3146 666 3237 Οὐαλερίου.
687 3149 831 3235 συνέστη
848 3143 913 3237 γὰρ
926 3136 1029 3227 αὖθις

62 3252 82 3341 ἡ
102 3252 321 3323 Οὐιεντανῶν
346 3248 489 3342 δῦναμις
512 3251 755 3340 προσθεμένων
780 3245 894 3330 αὐτοῖς
918 3254 1029 3335 Σαβί-
1047 3268 1081 3318 σο

65 3384 149 3444 ναν,
169 3360 204 3424 οἳ
219 3355 300 3435 τέως
318 3349 497 3434 ὀκνοῦντες
516 3347 628 3433 αὐτοῖς
652 3348 866 3441 συνάρασθαι
889 3355 950 3419 τοῦ
972 3375 1030 3419 ποτ

11 3472 56 3522 1836
66 3458 165 3547 λέμου
184 3449 229 3537 ἀς
246 3450 425 3526 ἀδυνάτων
451 3456 655 3544 ἐφιεμένοις,
673 3451 747 3524 τότε
770 3450 888 3539 ἐπειδὴ
909 3443 974 3540 τῆν
994 3477 1032 3521 τε

866 3561 930 3624 18*
