2384 3850
312 101 429 166 140
1070 96 1480 156 -Η--

308 272 493 369 αὐτῷ
526 269 995 360 πολιτεύομαι;
1066 265 1191 339 οὐκ
1230 265 1443 338 ἔνεστ’
1487 265 1704 348 ἄλλως
1743 274 1982 342 εἰπεῖν.
2039 265 2210 337 ἔπειτ’

308 370 818 467 αναφανήσεταί
847 400 945 452 τις
983 373 1226 493 ἕτερος
1247 367 1485 440 Ἰκιλίω
1533 367 1996 458 παραπλήσιος
2029 363 2069 458 ἢ
2102 381 2216 440 Δε-
2344 394 2348 442 u

308 483 433 568 πίω
468 471 728 563 θρασὺς
767 468 1194 563 δημαγωγός,
1243 466 1316 552 ὃς
1366 469 1740 541 αίτιάσεταί
1781 499 1864 560 με
1916 470 2219 541 διισταναι
2234 487 2280 537 15
2344 503 2348 541 1

308 573 459 657 τούς
496 583 767 657 πολίτας
813 572 929 643 ἀπ’
972 570 1284 662 ἀλλήλων
1331 566 1372 661 ἢ
1409 570 1576 652 κατά,
1622 576 1740 642 τοῦ
1781 570 2002 661 δήμου
2037 570 2221 662 πράτ-
2345 606 2347 614 ⁴

240 702 272 746 [ι
308 706 446 750 τειν
511 674 879 765 ἐπιβουλὴν
937 671 984 764 ἦ
1050 672 1451 766 προδιδόναι
1520 691 1657 754 τοῖς
1718 682 2061 763 πολεμίοις
2122 671 2224 761 τὴν

308 777 505 850 πόλιν
540 772 582 866 ἢ
619 782 998 867 τυραννίδι,
1039 773 1262 865 ωσπερ
1300 779 1413 845 καὶ
1447 778 1690 855 Δέκιος
1725 772 2066 865 ᾐτιάσατο,
2103 778 2224 844 ἐπι-

308 897 557 971 χειρεῖν
615 873 657 968 ἢ
714 876 875 948 ἄλλο
934 877 1199 948 ἀδικεῖν
1245 873 1598 965 ὁτιδήποτε
1658 871 1743 946 ἀν
1802 873 1988 970 αὐτῷ
2031 879 2221 965 φανῇ·

308 980 389 1050 οὐ
443 979 570 1069 γὰρ
625 978 948 1070 ἀπορήσει
1008 977 1081 1049 τὸ
1135 981 1382 1067 μισοῦν
1446 984 1676 1059 αἰτίας.
1768 976 1909 1065 ἥξει
1961 1005 2034 1047 τε
2083 975 2229 1068 πρὸς

312 1095 447 1162 τοῖς
494 1079 719 1161 ἄλλοις
768 1077 1131 1168 ἐγκλήμασι
1190 1082 1304 1149 καὶ
1350 1082 1543 1149 ταυτὶ
1590 1077 1932 1169 φερόμενα
1981 1076 2103 1149 οὐκ
2147 1085 2229 1158 είς

216 1214 272 1250 1:
312 1180 605 1273 μακράν,
669 1177 795 1250 ὅσα
851 1184 936 1256 ἐκ
971 1185 1067 1274 τῷ
1117 1185 1385 1274 πολέμω
1433 1183 1811 1270 πέπρακταί
1852 1209 1967 1269 μοι
2011 1177 2228 1273 τούτῳ,

312 1286 410 1354 ὅτι
455 1281 683 1371 χώραν
717 1277 910 1372 ὑμων
954 1285 1243 1370 τέτμηκα
1290 1284 1402 1351 καὶ
1451 1289 1645 1351 λείαν
1680 1279 2108 1409 ἀπελήλακα
2131 1282 2231 1350 καὶ

316 1383 549 1466 τόλεις
571 1379 919 1474 ἀφῄρημαι
955 1386 1067 1453 καὶ
1093 1382 1250 1464 τοὺς
1285 1378 1457 1473 ὑπερ
1494 1381 1752 1453 τούτων
1786 1378 2233 1471 ἀμυνομένους

316 1482 466 1567 τούς
514 1485 638 1575 μὲν
684 1482 1100 1574 πεφόνευκα,
1156 1513 1315 1565 τους
1368 1485 1443 1554 δὲ
1489 1501 1626 1566 τοῖς
1661 1491 2234 1572 πολεμίοις-παρα·

316 1591 595 1659 δέδωκα.
663 1582 856 1657 ταῦτ’
908 1585 1027 1658 έάν
1087 1593 1157 1656 οἰ
1198 1584 1559 1677 κατήγοροι
1606 1589 1881 1673 λέγωσι,
1942 1591 2013 1655 τί
2051 1581 2236 1674 φήσω

222 1710 280 1758 15
316 1687 479 1779 πρὸς
537 1685 779 1771 αὐτούς
840 1685 1408 1777 ἀπολογούμενος,
1480 1684 1522 1776 ἢ
1570 1693 1703 1758 τίνι
1756 1693 2044 1780 βοηθεία
2088 1682 2240 1778 χρή-

316 1814 545 1880 σομαι;

471 1890 742 1960 XXXII.
791 1879 931 1982 ᾼρ’
986 1919 1067 1961 ου
1116 1887 1449 1981 φανερόν,
1497 1919 1598 1962 οτι
1646 1898 2097 1979 καλλιλογεῖτε
2141 1890 2241 1959 καὶ

320 1991 802 2083 εἰρωνεύεσθε,
859 2020 910 2060 ω
947 1990 1300 2080 Μηνύκιε,
1348 2021 1558 2082 ονομα
1606 1992 1813 2062 καλὸν
1858 1998 2031 2086 ἔργω
2067 2017 2243 2080 περι-

316 2096 552 2175 θέντες
588 2090 875 2187 ἀνοσίῳ;
914 2091 995 2162 οὐ
1033 2090 1161 2184 γάρ
1203 2090 1287 2217 δη
1323 2092 1625 2165 καθοδόν
1660 2123 1770 2183 μοι
1802 2100 2050 2181 δίδοτε,
2088 2091 2242 2162 ἀλλά
2328 2123 2331 2125 ·

220 2215 284 2259 :¹⁴2²
320 2192 609 2283 σφαγιόν
644 2223 727 2283 με
760 2198 852 2299 τῷ
892 2193 1079 2288 δήμω
1116 2193 1465 2283 καταγετε,
1502 2193 1669 2285 τάχα
1703 2196 1826 2284 μὲν
1861 2198 1974 2264 καὶ
2009 2201 2244 2282 βεβου-

320 2300 630 2427 λευμένοι
668 2287 865 2368 τοῦτο
900 2316 1249 2388 πραττειν
1286 2293 1499 2368 οὐθεν
1534 2296 1660 2386 γάρ
1699 2303 1795 2367 ἔτι
1829 2325 1941 2385 μοι
1968 2318 2243 2388 χρηστον
2257 2306 2326 2359 107

316 2400 489 2488 υπερ
524 2398 719 2488 ὖμων
755 2381 1097 2488 ἐπέρχεται
1144 2414 1459 2488 φρονεῖν·
1522 2406 1586 2469 εί
1626 2400 1699 2468 δὲ
1736 2396 2106 2487 βούλεσθε,
2152 2405 2246 2468 τί-

316 2515 485 2589 θημι
519 2530 684 2591 γαρ,
741 2497 947 2572 ουδεν
995 2530 1093 2570 ων
1127 2509 1443 2590 πείσομαι
1491 2498 1975 2591 προορώμενοι
2030 2507 2106 2571 τί
2132 2491 2248 2571 οὖν
2357 2582 2359 2598 ἦ

320 2611 501 2671 ἔσται
561 2631 672 2691 μοι
735 2631 852 2690 της
912 2601 1237 2692 υμετέρας
1285 2601 1558 2690 ἀγνοίας
1605 2632 1646 2691 η
1681 2610 1937 2724 μωρίας
1989 2600 2243 2691 ὄφελος,

260 2698 610 2772 κωλύειν
655 2732 780 2791 μεν
839 2699 1043 2773 οὕδεν
1112 2700 1260 2773 οὐδ’
1339 2699 1424 2774 ἀν
1493 2700 1621 2775 οἷοι
1690 2694 1807 2793 ἦτε
1879 2706 2248 2794 δυνησομέ-

320 2832 482 2891 -νων,
552 2809 942 2892 χαρίζεσθαι
978 2804 1088 2873 ’δε
1157 2806 1271 2874 καὶ
1315 2809 1510 2877 τοῦτο
1560 2809 1655 2899 τῷ
1702 2804 1891 2899 δήμῳ
1940 2801 2074 2875 σὺν
2121 2817 2247 2885 τοῖς

320 2903 541 2987 ἕὲλλοις
576 2901 1165 2995 ἀναγκαζομένων;
1204 2902 1371 2977 ἀλλά
1407 2905 1533 2999 γάρ
1561 2903 1659 2977 ὅτι
1689 2909 1814 2997 μὲν
1844 2905 1924 2977 οὐ
1954 2914 2246 2978 συνοίσει

320 3035 428 3091 μοι
464 3005 629 3099 πρὸς
666 3004 1039 3097 ἀσφάλειαν
1085 3003 1242 3097 ἥδε,
1291 3005 1378 3097 ἣν
1410 3004 1603 3098 ὑμεῖς
1637 3010 1763 3099 μὲν
1797 3006 2102 3079 κάθοδον
2137 3036 2247 3078 κα-

324 3119 515 3197 λεῖτε,
557 3109 685 3198 ἐγω
725 3110 801 3180 δὲ
834 3127 1107 3199 ταχεῖαν
1142 3104 1308 3180 ὁδὸν
1344 3112 1452 3181 ἐπὶ
1488 3109 1606 3181 τόν
1631 3108 1945 3203 ὀλεθρον,
1982 3107 2064 3180 οὐ
2093 3118 2246 3181 πολ-

231 3235 284 3279 s*
324 3212 459 3279 λων
494 3221 717 3299 οἴομαι
746 3219 894 3282 δεῖν
921 3220 1017 3281 ἔτι
1044 3209 1298 3299 λόγων·
1335 3209 1435 3280 ότι
1467 3208 1533 3281 δ’
1563 3208 1722 3282 οὐδὲ
1749 3210 1914 3335 πρὸς
1944 3209 2246 3294 εὐδοξίαν

324 3307 360 3395 ἦ
396 3311 595 3400 τιμὴν
630 3308 672 3400 ἢ
707 3311 871 3401 πρὸς
909 3308 1294 3401 εὐσέβειαν,
1337 3312 1568 3401 ἐπειδὴ
1605 3316 1717 3383 καὶ
1752 3311 1837 3382 σύ
1871 3340 2166 3399 τουτων,
2201 3338 2249 3379 ω

328 3411 673 3503 Μηνύκιε,
712 3410 1036 3504 πρόνοιαν
1074 3420 1251 3501 ἔχειν
1285 3440 1367 3500 με
1402 3408 1663 3502 ηξίους,
1703 3405 1778 3483 εὖ
1815 3417 2062 3501 ποιῶν,
2101 3406 2242 3481 ἀλλ’

1248 3637 1389 3739 ¹»
