2384 3850
27 26 28 35 ,
156 0 286 28 ’-»---’
349 1 374 36 ,ι

262 37 290 53 ι’
369 42 373 53 Ι

373 88 647 147 κ-ιτ-
921 87 1035 186 ,ιιε

68 262 121 329 καὶ
137 258 200 349 τὴν
216 264 346 332 ἑαντοόν
364 263 429 349 γῆν
450 287 487 330 τε
510 262 566 330 καί
584 258 684 332 πόλιν
703 257 949 351 ἀφαιρεθῆναι,
974 267 1030 334 καί

68 371 112 432 ἔτι
129 358 211 452 πρός
234 360 341 455 τούτφ
365 369 528 451 γυναῖκας
552 364 683 434 ἐπιδεῖν
708 372 861 452 αίσχιστα
883 364 1030 455 πασχού-

69 487 125 545 σας
167 467 223 534 καὶ
257 470 382 545 παῖδας
412 471 459 546 είς
488 460 591 555 ὕβριν
619 460 803 553 ἀγομένους
834 467 890 535 καὶ
920 484 1030 555 γονεῖς

68 563 206 647 δούλους
222 562 295 636 ἀντ’
317 568 509 653 ίλενθίρων
527 568 581 635 ἐπὶ
599 564 710 655 γήρως
721 563 805 636 όδοῦ
822 570 1028 655 γινομέναις.

23 669 120 737 586va
136 663 204 757 ἅμα
223 664 399 738 διδάσκετε
422 664 485 755 τὴν
502 665 647 756 βουλήν,
671 664 869 761 ὅτιτούτων
885 672 955 739 των
972 698 1028 739 κα·
1064 693 1083 742 ο

68 774 133 838 κων
149 767 214 840 ούκ
237 763 280 839 ἀν
298 775 406 859 ἔχοιεν
429 766 646 843 αἰτιάσασθαι
664 768 841 857 Μάρκιον,
866 767 950 841 ἀλλά
969 770 1031 860 τὴν

70 872 195 941 ἑαυτῶν
218 866 427 961 ἀφροσύνην.
472 868 581 961 παρόν
609 874 674 961 γὰρ
704 866 816 951 αύτοῖς
845 869 886 941 τά
917 879 1031 943 δίκαια

68 989 174 1044 ποιεῖν
198 974 255 1043 καί
279 975 399 1062 μηδενὶ
418 976 521 1066 δεινῷ
537 988 751 1063 περιπεσεῖν,
775 970 834 1043 τόν
855 971 940 1063 ὑπὲρ
963 980 1031 1046 των

69 1073 212 1163 ἐσχάτων
238 1080 402 1145 κίνδυνον
418 1070 657 1164 ἀναιρήσονται
678 1078 774 1164 μέχρι
798 1074 921 1158 παντὸς
938 1086 1031 1165 φιλο·
1106 1138 1109 1144 ,

68 1180 249 1265 χωροῦντες
267 1178 306 1248 ἐν
321 1194 391 1259 τοῖς
409 1172 602 1267 ἀλλοτρίοις.
640 1184 730 1265 ἔχετε
747 1173 806 1257 τάς
822 1174 1028 1270 ἀποκρίσεις·
1050 1202 1082 1250 10

68 1276 191 1348 τούτων
213 1274 322 1349 οὐθὲν
343 1274 387 1349 ἀν
411 1274 570 1367 εὕροισθε
593 1276 673 1369 παρ’
702 1282 782 1367 ἐμοῦ
804 1282 924 1351 πλέον·
952 1278 1027 1351 ἀλλ’

69 1374 158 1451 άπιτε
174 1381 233 1450 καί
251 1395 405 1452 σκοπεῖτε
421 1377 442 1451 ό
457 1408 489 1450 τι
506 1374 709 1470 πρακτέον
689 1396 787 1469 νμῖν
816 1381 933 1462 ἕωςδὲ
952 1389 1030 1471 βον-

70 1479 251 1570 λεύσησθε,
283 1486 405 1572 δίδωμι
434 1480 569 1605 χρόνον
578 1475 662 1571 ύμῖν
684 1475 819 1575 ἡμερῶν
841 1481 1029 1570 τριάκοντα

71 1583 156 1652 ίνδὲ
173 1612 221 1677 τφ
208 1580 364 1672 μεταξύ
385 1581 514 1712 χρόνφ
527 1580 591 1670 σήν
619 1610 655 1651 τε
679 1579 793 1671 χάριν,
815 1572 841 1650 ὦ
860 1581 1030 1671 Μηνύκιε,

70 1686 120 1753 καί
141 1689 211 1756 τῶν
234 1680 394 1755 ἄλλων
374 1689 471 1775 νμων
493 1689 592 1756 ἕνεκα
627 1680 690 1772 την
715 1680 875 1771 στρατιάν
904 1688 941 1755 ἐκ
973 1688 1031 1773 τῆς
1050 1709 1082 1758 15

71 1813 172 1910 χφρας
189 1781 320 1869 ἀπάξω
343 1785 471 1876 μεγάλᾳ
493 1784 557 1877 γάρ
580 1777 625 1855 ἀν
642 1783 849 1873 βλάπτοισθε
864 1786 1031 1914 μενρόσης

71 1884 172 1977 αύτης
179 1884 315 1960 ἐνθάδε.
333 1917 373 1980 τη
363 1889 426 1959 δὲ
438 1908 617 1981 τριακοστη
606 1890 861 2008 προσδέχεσθέ
871 1916 912 1978 με
926 1887 1032 1983 ἡμέρᾳ

71 1988 122 2070 τοὶς
138 1979 333 2077 ἀποκρίσεις
350 1988 549 2116 ληψόμενον.

139 2091 297 2161 xxxvl.
337 2089 438 2164 Ταῦτ’
465 2091 568 2162 είπων
591 2092 714 2181 ἀνίστη
737 2095 794 2163 καὶ
817 2091 1007 2164 διέλυσε
974 2122 1032 2164 τον

73 2191 240 2284 σύλλογον.
274 2190 367 2285 τῇδ’
388 2192 528 2285 ἐπιούσῃ
546 2196 645 2264 νυκτὶ
661 2196 738 2283 περὶ
757 2193 819 2282 τὴν
836 2202 1031 2266 τελευταίαν
1049 2219 1083 2267 20

71 2297 221 2386 φυλακην
238 2293 428 2385 ἀναστήσας
450 2295 514 2384 τὴν
531 2291 691 2385 στρατιάν
713 2285 795 2383 ἦγεν
814 2298 869 2365 ἐπὶ
886 2294 943 2378 τάς
961 2306 1031 2367 λοι-

72 2393 129 2478 πάς
150 2403 220 2469 των
237 2407 395 2469 Λατίνων
423 2395 553 2485 πόλεις,
584 2406 653 2466 είτε
682 2391 756 2465 κατ’
774 2390 947 2492 ἀλήθειαν
970 2421 1032 2466 πε-

19 2503 244 2588 Ιιειπνσμίνος,
262 2496 313 2570 ὅτι
329 2502 443 2589 μέλλοι
459 2527 509 2582 τις
527 2503 661 2570 ἐκεῖθεν
675 2493 849 2585 ἐπικονρία
863 2492 1032 2586 Ῥωμαίοις

73 2592 265 2690 ἀφικέσθαι,
290 2596 335 2684 οδς
357 2599 432 2671 τότε
456 2604 657 2692 δημηγορῶν
679 2606 821 2689 ἔφησεν·
849 2609 917 2668 είτε
933 2596 1032 2683 αὐτός

72 2701 274 2793 πλασάμενος
286 2701 346 2774 τὸν
364 2700 480 2792 λόγον,
500 2698 544 2794 [ἢ]
560 2709 618 2773 ἵνα
634 2700 680 2792 μὴ
694 2698 799 2784 δόξειε
821 2699 1032 2791 χαριζόμενος
1050 2725 1083 2774 25

73 2818 134 2887 τοῖς
151 2809 285 2897 ἐχθροῖς
303 2808 576 2876 καταλελοιπέναι
599 2804 660 2874 τὸν
678 2801 833 2893 πόλεμον.
864 2802 1033 2890 ἐπιβαλοδν

75 2903 108 2972 δὲ
122 2909 164 2996 τῇ
180 2908 370 2998 καλουμένη
380 2902 545 2998 Λογγόλη,
565 2909 621 2977 καί
639 2911 716 2996 δίχα
734 2903 841 2976 πόνον
854 2902 1032 2993 γενόμενος

75 3000 169 3098 πόσης
193 3005 371 3098 ἐγκρατής,
398 3010 455 3080 καὶ
483 3006 541 3079 τόν
564 3005 667 3079 αὐτὸν
695 3005 820 3097 τρόπον
848 3004 951 3097 όνπερ
974 3004 1032 3088 τάς

76 3106 179 3198 ἑτέρας
204 3106 571 3201 ἐξανδραποδισάμενός
600 3138 637 3180 τε
666 3109 723 3177 καὶ
746 3104 949 3196 διαρπάσας,
978 3109 1032 3178 ἐπὶ

75 3206 130 3295 τὴν
145 3215 367 3336 Σατρικανφν
385 3208 513 3300 ἤλαυνε
529 3209 638 3281 πόλιν
673 3204 759 3280 ἕλιδν
778 3209 815 3278 δὲ
833 3211 889 3278 καὶ
906 3206 1031 3298 ταύτην
1050 3233 1083 3282 30

76 3302 217 3399 ὀλίγον’
197 3311 423 3404 αντισχόντων
439 3341 508 3384 των
532 3317 570 3384 ἐν
587 3307 674 3402 αὐτῇ
691 3308 823 3433 χρόνον,
850 3309 980 3391 καὶτὰς
1000 3313 1033 3392 ἐξ

79 3408 203 3506 [αότων]
223 3414 421 3523 ἀμφοτέρων
438 3442 506 3485 των
524 3411 656 3483 πόλεων
677 3409 842 3499 ὠφελείας
864 3413 1012 3500 μέρει
973 3439 1032 3499 της

119 3559 196 3599 mou·
209 3563 254 3600 111.
840 3521 881 3584 10
