2384 3850
37 305 114 373 τέων
143 306 200 374 καὶ
226 306 334 387 πεζῶν
359 305 416 373 καλ
443 307 553 385 ψιλων
579 314 636 395 ίσχ
660 302 797 376 πάντων
814 309 997 395 χρωμένων

36 411 197 498 προθυμίᾳ
232 432 268 475 τε
303 406 359 474 καὶ
396 408 566 497 ἐμπειρίᾳ,
602 407 658 475 καὶ
677 405 713 475 τὸ
735 410 834 476 νικᾶν
851 405 994 479 έκάστου

36 505 102 595 παρ’
124 505 245 578 ἑαυτὸν
263 504 369 595 μόνον
385 507 579 595 πυθομένου·
608 504 653 587 ὡς
676 507 714 577 δὲ
737 514 853 598 νεκροί
873 538 909 578 τε
935 507 992 579 αὖ·
1089 598 1092 603 Γ

35 611 92 677 των
111 609 230 679 πολλοὶ
254 609 464 696 ἑκατέρωθεν
489 611 525 678 ἐν
551 598 579 701 ᾦ
597 606 788 697 ἐτάχθησαν
805 616 917 702 χωρίω
935 636 994 679 πε-

35 707 137 791 σόντες
160 717 308 797 ἔκειντο,
335 710 392 779 καὶ
409 705 592 833 ἡμιθνῆτες
619 714 666 779 ἔτι
684 719 763 779 πλεί
749 720 821 791 ίους
845 713 913 780 τῶν
938 738 994 779 νε·
1013 724 1028 773 5

11 815 127 898 δκρων,
140 815 175 881 ολ
192 812 229 880 δέ
247 808 337 933 παρὰ
353 807 414 880 τόν
430 806 547 898 ἀγῶνα
564 807 678 879 καὶ
640 838 681 879 τα
700 808 795 881 δεινά
814 817 861 880 ἔτι
881 814 995 901 διαμέ-

35 940 135 994 νοντες
159 908 266 1000 ὀλίγοι
290 902 393 1001 ἦσαν,
429 912 486 980 καὶ
509 900 656 981 οὐδὲ
616 938 706 981 ουτοι
726 918 812 1002 δρᾶν
837 910 877 982 τὰ
896 915 993 982 πολέ-

33 1042 89 1098 μου
113 1022 195 1103 ἔργα
226 1011 426 1136 δυνάμενοι,
454 1009 673 1102 βαρυνόντων
699 1014 761 1101 μὲν
787 1009 900 1095 αὐτοῖς
926 1042 994 1083 των

34 1122 276 1204 σκεπαστηρίων
288 1113 347 1194 τὰς
365 1111 561 1203 εὐωνύμους
578 1130 691 1205 χεῖρας
711 1112 766 1183 διά
777 1118 908 1203 πλῆθος
926 1122 995 1185 τῶν

34 1214 261 1337 ἐμπεπηγότων
294 1219 416 1303 βελων,
452 1217 508 1283 καὶ
542 1210 607 1285 οάκ
642 1213 776 1286 έωυτων
810 1214 993 1304 ὑπομένειν
1014 1228 1043 1276 10

32 1314 81 1398 τὰς
96 1314 302 1406 προσβολάς,
320 1317 546 1406 τετριμμένων
570 1317 671 1387 δὲ
623 1345 691 1387 των
709 1315 969 1407 ἐγχειριδίων
935 1345 994 1397 τας

32 1415 143 1508 ἀκμάς,
167 1426 235 1489 ἔστι
260 1408 342 1487 δὲ
316 1447 364 1487 ων
381 1419 437 1488 καὶ
455 1416 665 1506 κατεαγότων
678 1414 785 1506 ὅλων,
811 1413 861 1499 οἷς
887 1413 993 1487 οάθεν

32 1526 72 1588 ἔτι
87 1510 128 1609 ἦν
146 1524 328 1610 χρῆσθαι,
346 1524 406 1589 τοῦ
429 1547 466 1589 τε
488 1516 612 1606 κόπου,
653 1514 689 1597 ὃς
721 1515 765 1587 δι’
805 1512 933 1605 ὅλης
914 1521 993 1605 ημέ-

32 1649 82 1706 ρας
98 1619 352 1746 ἀγωνιζομένοις
371 1615 484 1702 αὐτοῖς
503 1616 606 1701 πολύς
625 1616 783 1707 ἐγεγόνει,
803 1617 991 1707 παραλύον
1046 1658 1050 1664 -

32 1750 77 1804 τος
103 1721 144 1793 τοὶ
174 1726 279 1812 νεῦρα
307 1724 363 1792 καὶ
388 1718 446 1803 τίις
469 1717 597 1809 πληγάς
621 1718 779 1803 ἀσθενεῖς
805 1721 991 1806 ποιοῦντος,
1012 1734 1043 1782 15

34 1826 161 1910 ἶδρωτος
180 1824 218 1893 δὲ
235 1825 291 1893 καὶ
311 1829 411 1912 δίψης
429 1824 486 1891 καλ
503 1818 692 1911 ἀσθματος,
718 1818 773 1891 οἶα
792 1823 828 1892 έν
846 1827 992 1911 πνιγηρᾷ

32 1922 91 2017 ὅρᾳ
114 1935 209 2007 ἔτους
235 1943 304 2008 τοῖς
331 1924 441 1995 πολὺν
471 1921 593 2013 χρόνον
624 1919 877 2014 ἀγωνιζομένοις
907 1943 993 2011 συμ-

31 2035 154 2099 πίπτειν
183 2035 293 2117 φιλεί,
324 2022 404 2117 παρ’
437 2023 638 2116 ἀμφοτέροις
666 2028 872 2116 γινομένων,
900 2028 992 2105 τέλος

32 2126 121 2201 οὐδὲν
139 2136 263 2217 ἔλαβεν
280 2126 452 2216 ἀξιόλογον
469 2122 490 2215 6
509 2126 609 2217 μάχη,
637 2125 710 2197 ἀλλ’
737 2123 914 2215 ἀγαπητῶς
932 2121 992 2214 ἀμ-

33 2227 155 2322 φότεροι
172 2233 242 2300 τῶν
259 2233 453 2320 στρατηγῶν
462 2226 747 2316 ἀνακαλουμένων
764 2223 923 2312 ἀπῆλθον
939 2229 993 2296 ἐπὶ
1012 2241 1044 2290 20

9 2327 99 2412 λῦτούς
116 2335 250 2403 ἑαυτῶν
262 2329 428 2453 χάρακας·
447 2332 505 2399 καὶ
521 2326 632 2398 οὐκέτι
649 2326 731 2416 μετὰ
745 2324 836 2397 τοῦτ’
853 2325 993 2448 ἐξῄεσαν

32 2431 201 2523 είςμάχην
231 2427 419 2522 οὐδέτεροι,
451 2425 526 2500 ἀλλ’
558 2424 745 2517 καθήμενοι
775 2423 993 2516 παρεμέλατ-
1040 2420 1051 2440 “

30 2559 80 2601 τον
104 2531 259 2622 ἀλλήλων
289 2530 347 2614 τάς
369 2537 467 2603 ἕνεκα
493 2558 563 2600 των
594 2533 791 2618 ἐπιτηδείων
815 2529 992 2616 γινομένας

32 2632 164 2716 ἐξόδους.
219 2638 313 2718 ίδοξε
324 2635 440 2723 μέντοι
457 2634 513 2702 καὶ
531 2629 633 2756 λόγος
647 2621 704 2718 ἦν
709 2633 746 2700 έν
763 2657 803 2720 τη
792 2626 920 2720 ’Ῥώμη
934 2656 992 2697 πο·

31 2733 97 2822 λύς,
133 2731 178 2817 ὥς
203 2738 373 2824 δυναμένη
398 2731 472 2804 τότε
494 2737 593 2803 νικᾶν
616 2729 637 2820 6
655 2729 825 2854 Ῥωμαίων
850 2727 992 2818 δύναμις
1011 2743 1043 2792 25

32 2834 158 2907 εκουσία
193 2837 300 2924 μηδὲν
335 2832 542 2960 ἐργάσασθαι
568 2830 722 2923 λαμπρὸν
753 2825 876 2902 διάῑ
837 2829 933 2919 μῖσός
957 2858 993 2899 τε

31 2939 83 3004 τού
110 2936 243 3008 ὑπάτου
266 2932 365 3007 καῖ’
348 2935 471 3025 οργήν,
507 2929 550 3022 ἣν
574 2933 642 3023 εἶχε
669 2931 751 3023 πρὸς
776 2927 854 3010 τούς
878 2955 992 3018 πατρι-

31 3043 115 3120 κίους
133 3034 196 3110 έπι
213 3041 261 3131 τῷ
278 3059 473 3160 φενρικισμω
497 3038 556 3123 τῆς
569 3040 788 3157 κληρουχίας.
833 3026 929 3100 αὐτοὶ
954 3030 993 3099 δὲ

29 3143 64 3204 οί
89 3146 286 3230 στρατιῶται
318 3135 378 3210 τόν
401 3136 531 3208 ὕπατον
554 3130 599 3217 οἱς
623 3130 685 3223 οὐχ
711 3130 827 3203 ἰκανὸν
850 3151 993 3221 στρατη-

30 3256 97 3321 γεῖν
129 3237 281 3330 ᾗτιωντο,
317 3237 492 3368 γράμματα
526 3239 711 3325 πέμποντες
743 3228 788 3314 ἀς
817 3231 895 3313 τούς
920 3236 992 3302 έπι-
1010 3247 1042 3294 30

31 3345 211 3425 τηδείους
193 3346 324 3412 εαυτῶν
341 3345 481 3411 ἔκαστοι.
535 3340 592 3408 καὶ
610 3365 651 3406 τα
640 3334 731 3424 μὲν
749 3337 802 3405 ἐπὶ
817 3334 992 3458 στρατοπέ-

35 3443 89 3509 δου
122 3441 281 3533 γινόμενα
315 3449 451 3514 τοιαῦτα
484 3430 546 3528 ἦν
589 3440 626 3509 έν
649 3434 734 3528 αὐτῇ
760 3437 797 3506 δέ
826 3441 866 3526 τῇ
885 3431 1005 3528 P02'66³
1033 3507 1045 3527 Ι
