2384 3850
565 123 608 134 ..
652 89 681 148 Θ
724 123 766 132 ..

169 291 283 354 χουτος
303 265 412 351 ἕνεκα,
440 269 471 332 εί
488 260 627 333 δύναντο
645 260 863 352 κατορθώσας
879 259 940 332 τὸν
957 263 1026 331 ἐκεῖ
1043 260 1162 332 πόλε-

169 383 247 454 μου·
280 355 322 453 ἦν
340 364 403 455 γάρ
428 369 465 436 ἐν
489 360 580 456 αύτῷ
604 363 691 435 πολύ
715 361 752 434 τὸ
771 361 944 453 ἀνδρεῖον·
976 361 1161 451 ἀφανίσαι

169 465 226 550 τάς
258 469 312 536 ἐπὶ
341 481 411 548 τοῖς
442 469 615 556 προτέροις
639 461 874 558 ἁμαρτήμασιν
899 463 1010 556 ὀργάς.
1057 459 1077 534 ὁ
1107 467 1159 535 δὲ

97 615 98 618 =
169 565 255 657 ἀνήρ
274 563 472 656 ἀγανακτῶν
491 569 544 638 ἐπὶ
562 570 604 658 τή
620 564 735 660 ἀτιμίᾳ
751 565 880 656 πολλήν
893 564 1070 655 ἐποιήσατο
1082 571 1160 655 τῆς
1178 602 1179 607 ’

136 695 151 744 5
171 673 294 758 βουλής
319 673 356 741 ἐν
379 666 539 764 τῷδήμῳ
564 676 786 760 κατηγορίαν,
811 667 855 750 ῶς
878 664 1068 758 ἀχθομένης
1087 671 1158 738 ἐπὶ

169 775 216 865 τῷ
234 768 399 842 λελύσθαι
415 768 474 842 τὸν
491 770 574 859 πρὸς
591 769 669 852 τούς
692 770 886 862 Τυρρηνοὺς
900 768 1055 858 πόλεμον.
1076 776 1157 858 ἔφη

170 875 207 943 δὲ
230 870 319 942 τούπ’
354 868 475 954 αύτούς
505 875 538 956 ἐξ
563 875 741 962 ἐπιβουλῆς
772 876 829 943 καὶ
857 869 1043 962 ὑπεροψίας
1072 875 1157 942 τῶν.

170 970 326 1060 πενήτων
338 991 459 1062 ποιεῖν,
479 979 535 1044 ἵνα
549 971 594 1062 μή
608 979 677 1045 τῶν
689 972 882 1064 ὑπερορίων
895 969 1157 1060 ἀπαλλαγέντες

169 1077 325 1162 πολέμων
342 1070 506 1145 ἀπαιτῶσι
529 1075 587 1156 τάς
610 1077 763 1166 περὶτῆς
780 1082 980 1164 κληρουχίας
997 1071 1156 1163 ὑποσχέ-

122 1203 153 1250 10
172 1197 253 1262 σεις,
272 1174 456 1246 πολλοστὸν
475 1183 546 1256 ἔτος
563 1173 630 1264 ήδη
647 1174 900 1266 φενακιζόμενοι
916 1172 998 1265 πρὸς
1017 1171 1150 1246 αὐτῶν.

170 1279 275 1346 ταῦτα
294 1279 350 1346 καὶ
369 1275 475 1347 πολλά
492 1275 621 1359 τούτοις
639 1273 736 1366 ὅμοια
752 1277 832 1368 [καὶ]
853 1273 899 1348 δι’
917 1275 1020 1368 ἀργής
1036 1273 1153 1368 ἀκρά-

170 1405 230 1448 τον
261 1381 330 1448 τῶν
361 1387 546 1468 πατρικίων
570 1375 688 1467 ὀνείδη
711 1376 979 1467 κατασκεδάσας,
1013 1375 1077 1466 τήν
1109 1406 1153 1448 τε

171 1483 508 1570 συστρατευσαμένην
535 1479 626 1575 αύτῷ
654 1479 801 1571 δύναμιν
819 1476 967 1550 ἀπέλυσε
986 1481 1056 1549 τῶν
1084 1503 1150 1568 ση-

15 1677 16 1680 Ὶ
170 1588 288 1670 μείων,
306 1585 363 1651 καὶ
381 1579 442 1670 τήν
460 1579 542 1672 μετά
558 1590 710 1673 Φουρίου
727 1587 787 1652 τού
800 1578 1002 1652 ἀνθυπάτου
1016 1586 1149 1671 διατρί-

122 1709 154 1757 15
172 1690 302 1770 βουσαυ
321 1687 359 1754 ἐν
376 1691 538 1764 Αίκαυοῖς
555 1681 852 1774 μεταπεμψάμενος
875 1679 1006 1771 ἀφῆκεν
1031 1684 1085 1752 ἐπὶ
1103 1682 1149 1752 τά

115 1865 120 1882 t
171 1788 332 1874 σφέτερα
353 1787 386 1866 ἐξ
405 1775 453 1856 ῶν
470 1782 599 1872 πολλήν
615 1782 719 1856 πάλιν
733 1788 889 1873 ἐποίησεν
906 1787 1060 1866 ἐξουσίαν
1072 1801 1147 1865 τοῖς
1158 1798 1180 1845 1·

172 1883 354 1977 δημάρχοις
371 1887 571 1975 κατηγορεῖν
588 1890 657 1957 τῶν
675 1889 872 1975 βουλευτῶν
890 1891 927 1958 ἐν
939 1899 1013 1969 ταῖς
1027 1889 1146 1975 ἐκκλη-

171 1995 258 2067 σίαις
276 1988 332 2056 καὶ
351 1986 518 2057 διιστάναι
541 1984 618 2069 τούς
641 1986 873 2076 πένηταςάπὸ
888 1991 958 2057 τῶν
976 1986 1143 2077 εὐπόρων.

248 2086 368 2157 XVIII.
406 2085 504 2159 Μετά
529 2088 568 2159 δὲ
591 2089 731 2170 τούτους
754 2083 1057 2180 παραλαμβάνουσι
1078 2086 1145 2177 τήν
1178 2153 1179 2156 ,

121 2214 157 2262 20
174 2186 341 2260 ὑπατείαν
358 2188 458 2271 Γάιος
472 2184 619 2279 Ὁράτιος
638 2194 693 2261 καὶ
713 2202 810 2273 Τῖτος
820 2190 993 2279 Μενήνιος
1012 2187 1066 2261 ἐπὶ
1083 2194 1144 2279 τής

173 2291 421 2381 ἑβδομηκοστῆς
434 2294 490 2362 καὶ
504 2294 600 2381 ἕκτης
613 2289 831 2383 ὀλυμπιάδος,
843 2290 887 2381 ἣν
902 2296 995 2363 ἐνίκα
1004 2289 1144 2363 στάδιον

171 2390 401 2482 Σκάμανδρος
422 2402 656 2482 Μιτυληναῖος
683 2392 842 2485 ἀρχοντος
868 2392 1030 2482 Ἀθήνησι
1055 2400 1143 2465 Φαί-

173 2498 289 2575 δωνος.
326 2493 455 2577 τούτοις
473 2492 546 2565 κατ’
569 2491 672 2585 ἀρχάς
690 2497 753 2584 μὲν
770 2493 788 2564 ὁ
806 2494 974 2575 πολιτικῶς
991 2493 1143 2586 θόρυβος

173 2598 329 2681 ἐμποδῶν
362 2598 492 2685 ἐγένετο
520 2594 679 2685 πράττειν
701 2594 741 2666 τά
770 2595 884 2686 κοινά,
913 2594 1141 2687 ἠρεθισμένου

120 2719 153 2768 25
171 2698 232 2765 τού
250 2693 359 2784 δήμου
378 2701 434 2767 καὶ
451 2694 555 2767 οὐδὲν
570 2700 690 2779 ἐῶντος
705 2702 819 2788 ἕτερον
833 2702 1060 2769 ἐπιτελεῖσθαι
1071 2700 1140 2767 τῶν

169 2800 311 2885 κοινῶν,
330 2800 393 2879 ἕως
411 2793 454 2867 ἀν
471 2805 646 2887 μερίσηται
664 2797 727 2887 τήν
745 2806 909 2889 δημοσίαν
925 2802 1009 2887 γῆν·
1029 2795 1137 2890 χρόνῳ

169 2894 201 2965 δ’
228 2893 370 2989 ὕστερον
396 2898 461 2983 εἶξε
484 2898 524 2968 τά
557 2904 807 2990 παρακιυούντα
831 2903 888 2972 καλ
912 2896 1137 2991 ταραττόμενα

167 3001 207 3087 πή
234 2995 363 3090 ἀνάγκη
396 2998 677 3093 συγχωρήσαντα,
707 3004 764 3073 καὶ
796 3002 849 3072 ἐπὶ
880 2999 938 3083 τάς
964 3006 1135 3089 στρατείας

169 3098 306 3171 ἑκούσια
328 3093 424 3190 ἦλθε.
471 3108 656 3193 Τυρρηνῶν
677 3104 741 3193 γάρ
772 3108 810 3173 αί
837 3100 883 3193 μή
912 3106 1135 3193 μετασχοῦσαι

116 3234 149 3283 30
167 3200 380 3292 τῆςείρήυης
398 3207 519 3275 ἕνδεκα
543 3203 656 3286 πόλεις
679 3201 806 3295 ἀγοράν
828 3202 1053 3294 ποιησάμεναι
1069 3230 1133 3273 κοι-

166 3300 231 3391 νήν
257 3302 466 3395 κατηγόρουν
495 3309 555 3375 τού
583 3301 799 3376 Ούιενταυῶυ
824 3312 965 3393 ἔθνους,
996 3301 1048 3375 ὅτι
1077 3302 1134 3373 τὸν

167 3401 249 3493 πρὸς
262 3401 442 3493 Ῥωμαίους
456 3404 604 3495 πόλεμον
616 3404 657 3475 ού
665 3404 753 3495 μετὰ
766 3412 881 3496 κοινῆς
894 3405 1029 3497 γυῶμης
1042 3431 1132 3475 κατε·
1178 3431 1179 3476 ;
