2384 3850
176 85 240 152 τοι
504 87 767 170 Ι--ο--
1109 134 1117 164 ,

179 258 242 332 δύο
259 264 328 334 τῶν
346 257 528 351 δημάρχων
545 250 644 352 ἦσαν,
661 255 804 343 Λεύκιος
816 263 993 339 Καιδίκιος
1011 257 1083 328 καὶ
1112 267 1176 329 Τῑὲ

179 391 234 444 τος
244 359 397 451 Στάτιος,
415 359 479 433 ούκ
496 357 698 452 ἀδικήματος
715 358 800 431 άλλά
817 357 917 450 τύχης
930 354 1176 441 άπαιτοῦντες

179 462 291 554 λόγον,
310 460 361 535 ὅτι
377 461 460 534 κατά
473 460 535 553 την
548 460 631 555 πρὸς
650 459 843 554 Τυρρηνούς
855 460 965 552 μάχην
979 456 1176 549 ῶσάμενος

180 568 235 636 ἐπὶ
258 563 317 636 τὸν
340 563 468 657 χάρακα
490 569 559 636 τῶν
587 573 758 655 πολεμίων
782 562 801 634 ὁ
830 559 917 653 ἀνὴρ
939 559 1176 655 θρασύτεροι

149 687 165 736 5
183 671 311 757 μᾶλλον
327 660 349 755 ἢ
367 664 636 758 φρονιμῶτερου,
662 665 810 756 ἐδιώχθη
827 693 864 736 τε
880 660 947 736 ύπὸ
964 668 1039 735 Ιτῶν
1059 669 1176 734 ἔνδοτ

180 766 319 859 άθρόοιν
344 766 593 852 ἐπεξελθόντων
625 769 682 838 καὶ
714 766 778 856 τὴν
800 774 982 858 κρατίστην
1013 763 1176 854 νεότητα

181 865 358 960 άπέβαλεν.
383 859 479 952 οὗτος
495 864 514 940 δ
532 866 625 958 άγῶν
642 864 802 941 ἁπάντων
820 866 929 957 ἐφάνη
946 882 1018 950 τοϊς
1036 892 1176 955 πατρι-

181 980 264 1052 κίοις
282 968 425 1059 άγῶνοιυ
448 969 650 1061 βαρύτατος,
681 969 895 1060 ἠγανάκτουν
917 996 956 1039 τε
979 965 1176 1050 συνιόντες

182 1069 264 1161 πρὸς
288 1069 452 1160 ἀλλήλους
475 1074 530 1142 καὶ
550 1070 665 1143 δεινόν
683 1076 875 1160 ἐποιούντο,
907 1078 938 1142 εί
959 1068 1020 1152 τάς
1040 1065 1176 1140 εύτολ-

132 1192 164 1240 10
182 1177 260 1261 μίας
278 1175 346 1243 τῶν
362 1175 557 1262 στρατηγῶν
575 1176 632 1243 καὶ
648 1173 685 1244 τὸ
702 1175 832 1264 μηδένα
849 1178 1015 1244 κίνδυνον
1027 1167 1171 1259 ὀκνεῖν,

184 1271 243 1344 ἐάν
261 1276 450 1364 ἐναντιωθῇ
473 1290 545 1356 ταῖς
570 1277 740 1365 ἐπιβολαῖς
762 1271 878 1346 αύτῶν
899 1272 936 1344 τδ
968 1270 1170 1362 δαιμόνιον,

79 1450 98 1464 ..
184 1381 231 1458 είς
249 1381 452 1468 κατηγορίαν
469 1373 609 1461 άξουσιυ
624 1383 660 1448 οί
674 1375 719 1467 μὴ
729 1375 867 1458 στάντες
884 1372 975 1468 παρὰ
987 1373 1031 1446 τά
1045 1372 1167 1444 δεινά·

184 1482 310 1559 δειλίας
327 1505 363 1548 τε
380 1478 436 1549 καὶ
453 1473 557 1550 ὄκνου
581 1480 638 1548 καὶ
660 1482 721 1550 τού
743 1478 850 1569 μηδὲν
873 1483 922 1547 ἐτι
939 1492 1168 1567 καινουργεῖν

182 1579 260 1661 τοὺς
282 1574 463 1670 ἡγεμόνας,
486 1573 550 1670 ὑφ’
575 1569 625 1651 ῶν
649 1583 827 1669 ἐλευθερία
843 1608 879 1650 τε
896 1576 1083 1662 ἀπόλλυται
1100 1579 1164 1648 καὶ

135 1697 167 1746 15
184 1675 346 1770 ἡγεμονία
364 1678 573 1770 καταλύεται,
591 1681 670 1764 τούς
687 1680 859 1762 τοιούτους
876 1678 1010 1769 ἀγῶνας
1027 1685 1162 1760 αίτίους

186 1789 325 1853 ἔσεσθαι
348 1779 432 1853 κατά
455 1778 492 1852 τδ
523 1780 611 1864 είκδς
642 1785 835 1872 ἐλογίζοντο.
890 1777 1097 1870 παρακλήσει
1118 1809 1160 1852 τε

185 1886 294 1974 πολλῇ
317 1887 461 1976 ἐχρῶντο
485 1886 554 1955 τῶν
578 1889 769 1975 δημοτικῶν
792 1881 837 1974 μη
861 1886 1072 1973 καταγνῶναι
1094 1885 1160 1953 τοῦ

185 1982 311 2075 ἀνδρὸς
328 1983 391 2073 τὴν
409 1990 522 2074 δίκην,
542 1985 760 2067 διδάσκοντες
778 1984 824 2067 ’ῶς
840 1984 968 2075 μεγάλα
986 1982 1156 2073 βλάψουσι

184 2081 247 2173 τὴν
264 2082 364 2157 πόλιν
382 2087 436 2155 ἐπὶ
450 2102 522 2169 ταῖς
534 2082 685 2175 άτυχίαις
695 2087 773 2169 τοὺς
787 2083 991 2179 στρατηγούς
1005 2083 1157 2175 ζημιούν-

134 2214 169 2263 20
188 2214 250 2268 τες.
288 2188 360 2257 ἐπεὶ
378 2183 409 2257 δ’
431 2184 448 2258 δ
467 2190 527 2259 τού
544 2184 673 2277 ἀγῶνος
693 2191 809 2278 ἐνίστη
826 2187 956 2278 χρόνος,
975 2185 1156 2277 παρελθών

187 2282 234 2371 εἷς
253 2290 321 2360 τῶν
340 2285 521 2381 δημάρχων
546 2287 754 2382 κατηγόρησε
777 2294 839 2361 τοῦ
856 2287 980 2379 ἀνδρός
986 2342 996 2378 ,
1014 2285 1153 2370 Λεύκιος

186 2396 381 2481 Καιδίκιος,
400 2386 450 2462 ὅτι
469 2389 514 2461 δι’
536 2390 737 2483 ἀφροσύνην
754 2421 790 2463 τε
807 2394 941 2463 καὶτοῦ
958 2406 1175 2480 στρατηγεϊνλ

171 2488 343 2583 ’ἀπειρίαν
368 2499 415 2573 είς
438 2490 609 2585 πρόδηλον
631 2490 724 2582 άγων
747 2490 892 2584 όλεθρου
913 2489 973 2573 τάς
997 2490 1149 2581 δυνάμεις

186 2590 338 2681 άπῶλεσε
360 2595 419 2681 τῆς
447 2592 575 2676 πόλεως
597 2591 660 2691 τὴν
682 2602 863 2686 κρατίστην
885 2590 1013 2684 άκμήν,
1041 2595 1093 2662 καὶ
1117 2600 1151 2663 εί

136 2717 169 2767 25
187 2689 232 2781 μὴ
250 2710 365 2782 ταχεῖα
382 2697 444 2764 τού
460 2699 566 2766 κακού
589 2699 713 2784 γνῶσις
738 2698 869 2787 ἐγένετο
891 2698 940 2789 τῶ
962 2692 1145 2788 συνυπάτφ,

186 2794 242 2863 καὶ
261 2791 345 2863 κατά
362 2793 517 2883 σπουδὴν
534 2792 627 2884 άγων
643 2794 702 2879 τάς
720 2795 881 2888 δυνάμεις
903 2794 981 2878 τούς
1002 2823 1037 2866 τε
1051 2804 1146 2867 πολε-

141 2944 142 2947 =
186 2902 283 2984 μίους
307 2890 477 2967 άνίστειλε
503 2899 559 2967 καὶ
587 2896 665 2981 τούς
691 2901 873 2989 σφετέρους
900 2905 1022 2986 ἔσωσε,
1045 2896 1143 2985 μηδὲν

186 2992 229 3067 άν
246 2997 408 3086 γενέσθαι
426 2996 462 3070 τὸ
481 3002 636 3069 κωλύσου
644 2996 778 3071 ἅπασαν
789 2996 997 3071 άπολοιλέναι
1012 2994 1068 3086 τὴν
1080 2999 1142 3067 ἑτέ-

188 3126 252 3187 ραν
277 3095 424 3190 δύναμιν
447 3100 503 3171 καὶ
520 3098 557 3171 τό
576 3100 694 3173 λοιπόν
711 3099 868 3191 ἡμίσειαν
885 3097 961 3172 άυτὶ
979 3106 1140 3180 διπλασίας

135 3220 169 3270 30
188 3196 355 3287 εἶναιτὴν
372 3201 478 3273 πόλιν,
511 3207 648 3274 τοιαῦτα
666 3201 771 3273 είπῶν
787 3201 957 3294 μάρτυρας
975 3198 1139 3290 ἐπηγάγετο

187 3297 350 3391 λοχαγούς
366 3328 403 3371 τε
420 3302 492 3374 ὅσοι
509 3307 692 3397 περιῆσαν,
710 3308 766 3375 καὶ
782 3308 851 3375 τῶν
867 3301 980 3374 άλλων
996 3324 1138 3392 στρατιω-

188 3410 257 3477 τῶν
279 3433 389 3496 τιυας,
414 3412 449 3475 οἳ
469 3404 505 3475 τὸ
531 3409 662 3479 ἑαυτῶν
686 3403 824 3498 αίσχρδν
849 3408 904 3477 ἐπὶ
925 3408 967 3495 τῇ
983 3400 1051 3474 τότε
1064 3401 1134 3494 ἥττη
