2384 3850
438 116 642 174 -H-
965 110 1029 173 169

27 290 118 357 ιικαλ
134 286 279 377 μακρόν,
321 293 357 357 οί
372 284 405 357 δ’
431 292 469 358 ἐν
492 292 538 381 τῷ
562 294 731 381 συνεδρίῳ
755 285 916 376 παρόντες
937 286 1027 358 Οὐο-

64 388 213 459 λούσκων
248 384 310 459 οὐκ
339 386 519 479 ῆνέσχοντο
553 386 616 477 τήν
646 387 791 477 ἀήθειαν
819 390 878 480 τῆς
904 386 1025 478 ὅψεως,

66 486 134 558 ἀλλ’
154 486 427 579 ἀπεστράφησαν.
473 487 571 573 αὐτός
595 492 634 563 δὲ
651 486 667 559 ό
687 488 841 609 Μάρκιος
862 485 1026 580 6666ae

64 620 119 673 νος
136 596 173 661 ἐκ
189 596 249 661 τοῦ
266 597 398 716 δίφρου
421 593 478 662 κοιλ
495 589 687 680 περιπεσών
708 620 749 683 τῃ
734 589 906 680 μητρλ’
888 620 932 661 αν
933 599 1025 680 ἐσπη-

65 715 118 763 σιν
134 689 240 782 αὐτήν
257 690 323 762 ἀπὸ
345 699 405 780 τῆς
421 697 483 781 γῆς
499 689 616 782 όλίγον
640 697 865 783 ἐμπνέουσαν,
893 695 949 761 καὶ
966 720 1026 763 πε·
1061 705 1081 752 5

66 792 230 919 ριβαλοδν
231 796 288 864 καλ
313 792 419 884 πολλά
444 798 559 884 ἐκχέας
584 792 765 883 δάκρυα
733 814 820 863 ειπε
847 784 1026 885 Νικᾷς,ω

65 899 183 1024 μῆτερ,
192 893 255 965 οὐκ
273 891 395 984 εὐτυχῆ
413 903 512 985 νίκην
529 894 607 966 οὐτε
625 899 751 985 σεαυτῆ
767 891 825 966 οὐν
827 893 947 985 ’ἐμοί
965 894 1027 985 τῆν

64 993 209 1085 μὲνγὰρ
233 1003 379 1083 πατρίδα
402 1001 568 1087 σέσωκας,
601 998 658 1087 ἐμε
683 995 774 1070 δε
742 1026 802 1067 τον
825 994 947 1085 εὐσεβῆ
971 1000 1026 1067 καὶ

64 1096 284 1186 φιλόστοργον
306 1095 384 1168 νίόν
400 1094 624 1181 ἀπολώλεκας.
657 1103 759 1169 ταῦτα
777 1095 882 1168 είποόν
899 1100 952 1169 ἐπὶ
966 1096 1027 1187 τήν

63 1198 189 1287 σκηνήν
207 1190 326 1290 ἀπῆει,
343 1198 516 1281 ,κελεύσας
533 1198 736 1275 ἀκολουθεῖν
758 1198 820 1287 τήν
843 1228 879 1270 τε
903 1203 1026 1289 μητέρα
1047 1210 1096 1292 10Ι

64 1304 120 1371 καὶ
142 1297 203 1389 τήν
225 1317 370 1388 γυναῖκα
400 1304 455 1371 καὶ
479 1298 520 1371 τά
543 1308 678 1391 παιδία,
713 1308 797 1372 ἔνθα
826 1298 886 1371 τόν
910 1300 1027 1372 λοιπὸν

65 1406 122 1491 τῆς
138 1400 262 1491 ῆμέρας
279 1400 401 1491 χρόνον
418 1401 647 1492 σκοπούμενος
665 1400 730 1473 σύν
747 1400 864 1483 αὐταῖς
881 1400 899 1471 ὅ
916 1431 947 1471 τι
966 1400 1027 1492 χρῆ

66 1501 219 1591 πράττειν
234 1505 426 1575 διετέλεσεν.
447 1495 490 1593 ῆν
508 1505 545 1574 δέ
562 1502 603 1573 τά
618 1502 759 1585 δόξαντα
774 1500 886 1583 αὐτοῖς
899 1503 1025 1572 τοιάδε·

67 1608 141 1695 περὶ
157 1605 220 1694 μὲν
237 1610 296 1693 τῆς
313 1603 466 1675 καθόδου
484 1605 566 1695 μήτε
582 1602 646 1693 τήν
663 1601 791 1691 βουλήν
808 1606 901 1683 τέλος
918 1603 1028 1691 μιχθὲν

68 1708 219 1795 ἐκφέρειν
246 1714 294 1788 είς
319 1703 378 1776 τόν
405 1710 512 1795 δῆμον
540 1702 618 1796 μήτ’
644 1708 773 1776 ἐκεῖνον
803 1708 1026 1793 ἐπιψηφίζειν,
1047 1724 1083 1771 15

67 1810 143 1894 πρὶν
165 1802 208 1877 ἀν
231 1824 301 1889 τοῑς
322 1804 546 1888 Οὐολούσκοις
565 1803 708 1895 εὐτρεπῆ
731 1808 865 1895 γένηται
887 1806 928 1876 τόι
950 1808 1028 1893 περὶ
1056 1835 1060 1839 ’

20 1915 176 1997 1633φιλίας
199 1911 255 1979 καλ
278 1906 489 1991 καταλύσεως
511 1918 571 1980 τοῦ
594 1911 756 1999 πολέμου·
784 1903 887 1979 αὐτόν
912 1908 950 1978 δὲ
966 1907 1029 1996 τῆν

68 2009 221 2101 στρατιὰν
243 2009 477 2098 ἀναστήσαντα
502 2006 547 2093 οός
570 2008 626 2081 διά
650 2019 763 2100 φιλίας
786 2017 847 2098 γῆς
870 2008 1026 2098 ἀπάγειν·

68 2109 252 2202 ὑποσχόντα
277 2113 315 2182 δὲ
339 2119 397 2201 τῆς
420 2109 522 2204 ἀρχῆς
538 2111 649 2201 λόγον
674 2116 728 2183 καλ
756 2109 814 2192 τάς
838 2109 1029 2200 εὐεργεσίας

69 2207 329 2303 ἀποδειξάμενον
351 2211 467 2297 ἀξιοῦν
491 2212 569 2296 τούς
593 2217 831 2302 ἐπιτρέψαντας
855 2211 946 2306 αὐτῷ
969 2213 1030 2302 τῆν
1048 2231 1085 2279 20

70 2313 241 2403 στρατιάν,
271 2314 412 2404 μάλιστα
439 2315 502 2404 μὲν
524 2321 622 2406 φιλία
647 2317 804 2404 δέχεσθαι
830 2311 907 2394 τούς
930 2323 1030 2384 πολε-

71 2423 161 2502 μίους
178 2419 235 2486 καὶ
252 2414 428 2504 συνθήκας
451 2415 657 2508 ποιήσασθαι
683 2422 829 2502 δικαιας,
861 2408 950 2506 αυτῷ
968 2410 1030 2502 τήν

71 2516 199 2606 ἰσότητα
216 2520 273 2588 καὶ
285 2515 327 2589 τό
344 2515 398 2642 μή
407 2526 577 2608 σφαλῆναι
595 2519 674 2605 περὶ
690 2515 748 2598 τάς
764 2511 903 2606 όμολογί
901 2543 939 2596 ας
888 2519 1031 2584 ίέπι

71 2621 259 2704 τρέψαντας.
305 2626 336 2689 εί
366 2615 485 2695 δ’ἐπλ
510 2637 579 2701 τοῖς
610 2621 886 2708 κατωρθωμένοις
913 2624 1031 2706 σφίσιν

72 2714 250 2803 αὐθαδείας
280 2715 571 2810 ἀναπιμπλάμενοι
600 2716 645 2809 μῆ
676 2723 824 2810 δέχοιντο
854 2716 912 2800 τάς
936 2725 1031 2790 διαλ-
1048 2735 1085 2783 25
1169 2761 1170 2798 ι

72 2819 186 2910 λαγάς,
217 2817 427 2910 ἀφίστασθαι
455 2826 514 2911 τῆς
537 2820 642 2944 ἀρχῆς
671 2818 792 2902 αὐτοῖς.
837 2849 858 2908 6
881 2849 945 2909 γαρ
969 2818 1031 2943 οὐχ

72 2914 249 3012 ὑπομενεῖν
278 2918 400 3006 αὐτούς
429 2920 629 2995 ἄλλοντινὰ
653 2929 825 3012 αἱρεῖσθαι
847 2919 1033 3008 στρατηγὸν

21 3030 22 3033 ’
75 3017 115 3089 δι’
133 3019 279 3114 ἀπορίαν
296 3021 430 3114 ἀγαθοῦ
452 3020 632 3146 ῆγεμόνος,
658 3018 1033 3144 ῆπαρακινδυνεύσαν-

75 3148 127 3204 τας
143 3122 320 3220 ότωδήτινι
337 3133 549 3213 παραδοῦναι
566 3123 624 3208 τάς
646 3122 809 3215 δυνάμεις
823 3120 887 3194 σόν
905 3118 1032 3212 μεγάλῃ
1166 3203 1168 3224 j

77 3225 338 3352 διδαχθήσεσθαι
355 3225 465 3319 βλάβῃ
488 3227 551 3319 τήν
567 3256 627 3298 τον
612 3229 874 3315 συμφέροντος
892 3229 1031 3311 αἵρεσιν
1051 3237 1088 3286 30
1166 3253 1168 3312 χ

74 3321 111 3391 τά
131 3355 192 3415 μιν
216 3324 258 3417 66
283 3333 514 3417 βουλευθέντα
538 3324 651 3408 αὐτοῖς
675 3329 731 3398 καλ
756 3326 958 3410 δόξανταί
920 3321 1033 3394 δίκαιά
1167 3315 1168 3372 δ

76 3451 108 3494 τε
123 3427 211 3499 nal*
191 3453 270 3502 οσια
295 3419 398 3520 εἶναι,
429 3429 541 3519 φήμης
563 3457 600 3500 τε
622 3425 754 3516 ἀγαθῆς
778 3425 831 3514 ἐφ’
852 3415 1033 3515 ῆμάλιστα
1077 3465 1078 3468 =
1165 3475 1167 3522 3
