2384 3850
563 115 761 175 ..ρ-

179 283 276 372 ούτος
300 289 492 381 πιστότερος
516 293 674 379 ἐφαίνετο
696 285 783 359 πολύ
805 291 866 359 τού
888 291 1071 380 προτέρου·
1101 319 1173 380 φε-

180 421 295 485 ρονται
314 393 360 463 δέ
370 397 407 463 ἐν
420 407 566 518 γραφαῖς
579 390 751 480 Ρωμαίων
763 386 978 514 άξιοχρέοις’
958 390 1174 515 αμφότεροι.

256 494 358 564 XXII.
401 493 444 564 Τὸ
471 494 507 564 66
504 491 787 616 συναπτόμενον
805 490 934 573 τούτοις
951 488 1018 563 ύπό
1028 520 1173 591 τινων,

180 595 258 670 ούτε
275 590 436 685 ἀληθὲς
419 623 459 666 ον
477 592 556 666 οὔτε
574 592 741 682 πιθανόν,
761 597 797 664 ἐκ
815 593 1100 718 παρακούσματος
1120 599 1174 666 δέ

146 730 162 778 5
180 729 270 783 τινος
289 700 525 786 πεπλασμένον
542 692 608 767 ύπὸ
625 724 686 767 τον
676 694 864 821 πλήθους,
882 693 1030 780 άξιον
987 726 1033 786 μη
1047 723 1170 789 παρα·

180 813 291 873 λιπεῖν
308 800 535 884 ἀνεξέταστον.
573 797 770 887 λέγουσι
731 827 795 886 γαρ
822 796 864 887 66
887 827 992 887 τινες,
1022 803 1096 868 τῶν
1123 803 1167 882 ἒξ

180 907 236 974 καὶ
260 909 461 993 τριακοσίων
480 908 622 990 Φαβίων
644 896 881 990 άπολομένων,
909 897 960 970 ὅτι
988 906 1025 970 ἓν
1049 897 1172 988 μόνον

182 1009 323 1095 ἐλείφθη
340 1033 400 1075 τον
389 1005 536 1092 γένους
555 1008 654 1073 παιόί
653 1031 708 1091 ον,
740 1007 875 1092 πρᾶγμα
893 997 934 1072 06
951 1000 1057 1090 μόνον
1076 999 1172 1072 666-

181 1119 302 1194 θανον,
320 1102 405 1174 άλλόι
423 1107 478 1174 καλ
496 1100 666 1176 ἀδύνατον
680 1103 878 1192 εἰσάγοντες
904 1100 982 1174 ούτε
999 1101 1064 1194 γάρ
1079 1101 1169 1175 666-

132 1234 163 1282 10
182 1236 283 1290 κνους
301 1235 337 1277 τε
354 1201 447 1276 καῖ’
427 1203 576 1295 αγάμονς
594 1201 743 1286 ἅπαντας
758 1205 844 1276 εἶναι
858 1203 1005 1328 θυνατρν
1017 1195 1063 1331 66
1076 1205 1167 1289 τούς

182 1306 379 1432 ἐξελθόντρις
398 1315 445 1388 είς
462 1305 499 1377 τό
518 1305 683 1399 φρούριον
702 1314 861 1396 Φαβίους.
899 1303 999 1398 ὁγάρ
1017 1304 1166 1397 άρχαῖος

182 1409 352 1534 κρίνων’
312 1439 413 1500 νομος
431 1426 552 1499 γαμεῖν
570 1437 606 1479 τε
623 1405 787 1498 ἠνάγκαζε
803 1409 883 1488 τούς
902 1411 939 1479 ἐν
952 1407 1079 1502 ἡλικίᾳ,
1100 1415 1165 1534 κριὶ

181 1510 221 1583 τά
239 1510 435 1602 γεννύμενα
460 1509 592 1582 ἅπαντα
619 1510 804 1599 ἐπάναγκες
830 1513 982 1600 τρέφειν·
1019 1508 1061 1581 ὃν
1091 1510 1165 1583 ούκ

182 1612 225 1686 άν
244 1613 353 1714 δήπου
372 1617 558 1684 κατέλυσαν
582 1641 615 1683 οι
608 1611 756 1702 ’Φάβιοι
780 1611 877 1703 μόνοι
894 1617 1163 1704 πεφυλαγμένον

132 1740 164 1788 15
183 1714 257 1808 άχρι
274 1721 333 1838 της
352 1719 482 1787 ἕαυτων
498 1713 630 1804 ἡλικίας
647 1711 714 1785 ὑπὸ
731 1719 801 1785 τόν
818 1718 981 1840 πατέρων.
1006 1721 1038 1784 εί
1055 1716 1093 1784 δὲ
1112 1716 1161 1804 66

182 1822 238 1889 καὶ
255 1823 352 1889 τοῦτο
369 1824 448 1907 θείη
466 1845 525 1906 τις,
544 1812 620 1886 ἀλλ’
641 1815 750 1888 ἐκεῖνό
758 1845 806 1937 ’γε
822 1813 884 1888 ούκ
901 1812 944 1888 άν
962 1824 1009 1887 ἐτι
1022 1839 1161 1907 συγχω-

183 1918 311 2011 ρήσειε,
337 1949 375 1991 το
365 1916 473 2010 μηδ’
493 1917 662 2009 ἀδελφούς
680 1915 792 1990 αύτοῖν
810 1919 902 1991 εἶναί
915 1942 1005 1991 τισιν
1020 1913 1159 2007 ἡλικίαν

183 2028 231 2091 ἔτι
254 2028 387 2092 παίδων
411 2029 554 2111 ἔχοντας.
604 2020 727 2111 μύθοις
750 2022 814 2112 γάρ
842 2019 883 2111 66
906 2019 1012 2093 ταῦτά
1034 2049 1072 2110 γε
1096 2026 1157 2092 καί

184 2120 375 2212 πλάσμασιν
401 2130 487 2194 ἔοικε
511 2135 710 2212 θεατρικοῖς.
747 2129 783 2193 οί
804 2125 842 2194 δέ
866 2126 1005 2216 πατέρες
1030 2121 1155 2212 αὐτῶν,

135 2248 168 2297 εο
186 2222 257 2295 ὅσοι
275 2231 398 2307 παῖδας
416 2232 464 2296 ἐτι
482 2240 592 2296 ποιεῖν
607 2226 698 2314 εἶχον
711 2222 857 2315 ἡλικίαν,
875 2223 1038 2314 τοσαύτης
1055 2254 1155 2295 κατα-

184 2324 330 2417 σχούσης
342 2324 378 2399 τό
392 2328 488 2416 γένος
503 2331 641 2420 ἐρημίας
655 2326 717 2396 ούκ
730 2322 774 2397 άν
788 2327 920 2409 ἑκόντες
933 2355 970 2397 τε
982 2330 1040 2396 καλ
1051 2324 1155 2398 ἄκον-

183 2457 236 2509 τες
257 2432 390 2519 ἐτέρους
408 2437 531 2511 παῖδας
551 2428 762 2519 ἐποιήσαντο,
781 2436 838 2500 ἴνα
855 2428 937 2518 μήτε
956 2426 1029 2519 ίεριλ
1047 2432 1154 2499 ἐκλει-

183 2535 257 2622 φθῇ
272 2536 409 2627 πατρῷα
427 2530 510 2620 μήτε
530 2529 611 2615 δόξα
627 2530 807 2620 τηλικαύτη
827 2535 1003 2623 διαφθαρῇ
1017 2532 1152 2619 γένους;

184 2639 216 2703 εί
231 2629 276 2721 μή
294 2631 359 2723 ἄρα
376 2630 458 2705 οὐδὲ
475 2636 615 2725 πατέρες
633 2630 745 2703 αὐτῶν
762 2655 851 2704 τισιν
870 2635 1049 2720 ἐλείποντο,
1067 2629 1153 2701 ιἰλλά

132 2756 165 2804 25
184 2731 294 2808 πάντα
314 2740 361 2815 είς
379 2732 479 2804 ταύτὰ
499 2739 672 2823 συνῆλθεν
690 2737 744 2805 ἐπὶ
758 2739 826 2805 τῶν
841 2739 873 2817 ἓξ
887 2737 943 2804 καὶ
953 2741 1152 2825 τριακοσίων

183 2831 320 2926 άνιλριόν
338 2839 477 2906 ἐκείνων
499 2838 606 2906 ταῦτα
623 2834 662 2906 τά
680 2835 860 2906 ἀδύνατα
879 2833 924 2926 μή
949 2842 1070 2917 παῖδας
1087 2833 1143 2906 αύ-
1162 2857 1175 2903 1

183 2953 252 3021 τοῖς
271 2942 537 3029 καταλειφθῆναι
560 2945 719 3027 νηπίους,
742 2935 787 3028 μή
810 2952 974 3026 γυναῖκας
998 2935 1149 3026 ἐγκύους,

183 3036 228 3128 μή
249 3036 418 3128 ἀδελφούς
435 3037 602 3128 ἀνήβους,
626 3038 672 3128 μή
690 3043 833 3129 πατέρας
858 3043 895 3111 ἐν
912 3036 1010 3129 άκμή.
1046 3038 1148 3130 ταύτη

184 3140 246 3228 μὲν
265 3138 306 3229 66
321 3138 379 3211 τόν
393 3138 493 3229 λόγον
508 3138 666 3226 ἐξετάζων
679 3139 741 3211 ούκ
754 3138 868 3231 άληθή
874 3139 1046 3231 νενόμικα,
1065 3146 1149 3211 ἐκεῖ·

132 3264 166 3312 30
184 3268 245 3311 νον
270 3236 304 3310 6’
330 3238 459 3331 άληθη·
489 3248 557 3314 τοῖν
583 3246 686 3334 τριῶν
710 3240 885 3334 ἀδελφοῖν,
918 3241 1090 3325 Καίσωνός
1111 3272 1148 3314 τε

184 3345 241 3413 καὶ
254 3349 400 3415 Κοίντου
414 3345 469 3413 καὶ
483 3342 628 3435 Μάρκου
641 3349 710 3415 τῶν
722 3340 985 3416 ὑπατευσάντων
1001 3342 1058 3426 τάς
1070 3366 1147 3415 συν·

186 3459 271 3534 εχεῐς
314 3442 396 3515 ἑπτά
430 3441 608 3536 ὑπατείας,
652 3450 956 3539 ἐγκαταλειφθῆναι
991 3454 1147 3537 πείθομαι
