2384 3850
460 109 658 168 —Z-
1022 112 1045 176 ὃ

14 280 132 364 ,Ῑετάς
163 277 278 368 πηγάς.
332 284 428 352 τοῦτο
460 280 709 371 καταμαθόντες
739 289 775 353 οἱ
794 294 941 374 Κυμαῖοι
970 282 1044 356 τότε

71 379 270 473 ἐθάρρησαν
286 375 388 470 δμόσε
404 397 473 463 τοῖς
488 381 672 475 βαρβάροις
685 401 819 474 χωρεῖν,
838 383 883 467 ὡς
895 390 954 457 τοῦ
973 392 1044 457 δαι·

70 489 194 573 μονίου
228 480 368 553 ταπεινά
398 484 460 573 μὲν
490 480 654 556 τάκείνωυ
687 487 837 578 μετέωρα
864 485 1042 576 θήσοντος,

70 581 187 672 ὑψηλά
205 585 243 654 δέ
259 581 299 653 τά
314 588 477 656 δοκοῦντα
495 585 582 657 είυαι
599 584 672 658 τότε
690 589 789 676 σφων
800 587 949 659 ταπεινά.
976 596 1043 660 νεί-

71 712 195 776 μαντες
213 685 252 755 δὲ
268 683 330 774 τὴν
353 689 390 757 έν
413 682 506 776 άκμῇΙ
522 685 669 777 δύναμιν
691 687 826 759 άπασαν
848 691 961 780 τριχῇ,
984 693 1044 782 μιᾷ
1077 707 1094 758 5

70 787 137 877 μέν
153 784 215 875 τὴν
232 784 330 857 πόλιν
348 785 548 879 έφρυάρουν,
566 793 608 880 τῇ
623 787 654 859 δ’
677 792 773 883 ἑτέρα
785 788 843 872 τάς
856 793 939 872 ναῦς
954 789 1045 880 είχον

73 893 112 959 έν
129 890 266 978 φυλακῇ
273 941 283 977 ,
307 893 347 978 τῇ
372 881 410 959 δέ
426 897 522 981 τρίτη
545 889 610 980 πρὸ
630 895 692 961 τοῦ
714 898 844 982 τείχους
868 889 1044 980 ταξάμενοι

70 983 151 1071 τοδς
175 986 328 1072 ἐπιόντας
353 991 515 1080 ἐδέχοντο.
567 989 696 1063 τούτων
725 997 837 1074 ἱππεῖς
866 993 928 1082 μὲν
955 981 1044 1082 ἦσαν

72 1089 255 1178 ἑξακόσιοι,
284 1093 374 1176 πεζοὶ
400 1092 437 1161 δέ
458 1100 712 1184 τετρακισχίλιοι
736 1096 792 1164 καὶ
816 1091 1042 1165 πεντακόσιοι·

71 1195 130 1262 καὶ
152 1189 257 1273 οὕτως
285 1189 379 1273 ὅντες
409 1190 468 1264 τόν
491 1192 638 1285 άριθμόν
661 1190 768 1283 όλίγοι
797 1194 856 1277 τάς
878 1193 1042 1274 τοσαύτας
1061 1211 1094 1260 10

70 1292 266 1381 ὑπέστησαν
283 1292 458 1384 μυριάδας.
912 1327 917 1332 ·

149 1393 215 1462 llll.
260 1389 317 1476 Ὡς
354 1395 391 1464 δὲ
425 1398 616 1486 κατέμαθον
651 1394 776 1477 αὐτοδς
810 1401 846 1467 οί
878 1395 1043 1488 βάρβαροι
1149 1458 1153 1463 .

70 1493 239 1585 μάχεσθαι
263 1500 613 1586 παρεσκευασμένους,
642 1493 864 1580 ἀλαλάξαντες
895 1495 1044 1587 έχάρουν

70 1592 173 1685 ὁμόσε
196 1595 255 1667 τὸν
280 1597 453 1689 βάρβαρον
481 1596 607 1687 τρόπον
629 1595 712 1668 άνευ
743 1596 869 1687 κόσμου
893 1604 987 1680 πεζοί
1006 1624 1043 1667 τε

69 1700 129 1767 καὶ
147 1702 259 1780 ίππεῖς
277 1696 397 1788 άναμὶξ
416 1696 461 1779 ὡς
477 1696 627 1779 ἅπαντας
641 1697 918 1790 ἀναρπασόμενοι.
946 1687 990 1786 ἦν
1004 1697 1042 1767 δέ
1061 1723 1093 1772 15
1142 1768 1145 1773 .

69 1797 108 1868 τό
126 1796 191 1889 πρό
214 1803 272 1889 τῆς
289 1798 416 1880 πόλεως
439 1807 578 1890 χωρίον,
606 1803 643 1871 έν
666 1790 693 1894 ᾦ
716 1803 920 1890 συνέμισγον
942 1795 1042 1889 άλλη-

68 1910 153 1989 λοις,
172 1896 286 1973 αὐλάν
303 1899 417 1983 στενός
435 1897 526 1993 ὄρεσι
544 1892 600 1972 καί
618 1909 749 1992 λίμναις
763 1898 1042 1993 περικλειόμενος,

67 2006 111 2093 τῇ
129 2002 191 2090 μὲν
208 1998 310 2094 άρετῇ
327 2007 396 2074 τῶν
412 2011 576 2094 Κυμαίων
594 2002 780 2094 σύμμαχος,
798 2006 847 2098 τῷ
864 2004 901 2073 δέ
918 2001 1042 2091 πλήθει

67 2105 139 2172 τῶν
173 2101 356 2194 βαρβάρων
385 2106 548 2193 πολέμιος.
593 2102 856 2195 ἀνατρεπόμενοι
885 2101 949 2193 γάρ
977 2098 1040 2172 ὑπ’

68 2200 227 2291 ἀλλήλων
250 2206 306 2274 καὶ
323 2203 595 2294 συμπατούμενοι
618 2212 767 2297 πολλαχῇ
790 2207 852 2295 μὲν
870 2207 926 2275 καὶ
944 2201 1040 2293 άλλη,
1059 2228 1094 2276 εο

11 2326 59 2375 319
69 2302 214 2394 μάλιστα
233 2305 271 2375 δὲ
288 2307 365 2395 περὶ
383 2304 423 2375 τά
439 2307 657 2395 τέλματατῆς
675 2313 803 2395 λίμνης,
822 2303 896 2375 οὐδ’
915 2312 963 2386 είς
975 2320 1042 2394 χεῖ-

69 2434 132 2497 ρας
156 2404 312 2487 ἐλθόντες
341 2409 382 2497 τῇ
405 2405 552 2495 φάλαγγι
582 2411 651 2476 τεόν
669 2400 837 2494 Ἑλλήνων
867 2400 962 2475 αὐτοὶ
993 2400 1040 2474 δι’

69 2500 184 2577 αὑτοῖν
201 2512 237 2577 οί
251 2514 386 2588 πλείους
405 2505 654 2597 διεφθάρησαν·
683 2509 739 2577 καὶ
755 2502 774 2577 δ
791 2506 854 2597 μὲν
871 2508 965 2591 πεζὸς
984 2501 1043 2578 αό-

67 2610 140 2677 τῶν
163 2608 299 2697 στρατὸς
321 2606 463 2692 δπολδς
480 2612 557 2695 περὶ
576 2610 686 2703 ἑαυτῷ
703 2617 860 2698 σφαλείς,
886 2616 985 2698 ἔργον
1005 2608 1043 2706 δὲ

68 2726 230 2796 γενναῖον
254 2705 356 2781 οὐδὲν
378 2706 655 2800 ἀποδειξάμενος,
679 2707 778 2792 άλλος
800 2708 886 2799 άλλη
911 2716 1041 2780 διασκε·
1060 2729 1094 2779 25

70 2813 212 2891 δασθελς
223 2818 377 2900 ἔφευγεν·
390 2817 426 2881 οί
436 2808 464 2881 δ’
479 2816 590 2895 ἱππεῖς
603 2814 777 2900 συνῆλθον
789 2809 972 2902 μδνδμόσε,
986 2812 1043 2880 καὶ

68 2909 179 2981 πολδν
195 2910 432 3009 τοῖςἝλλησιν
449 2903 541 2984 οὗτοι
558 2917 727 3004 παρέσχον
744 2914 858 2984 πόνου.
882 2909 1043 2983 άδάνατοι

71 3012 110 3081 δέ
127 3008 221 3094 ὅντες
240 3011 479 3085 κυκλώσασθαι
504 3012 582 3095 τούς
605 3022 785 3106 πολεμίους
808 3012 864 3085 διά
882 3033 1043 3101 στενοχω-

70 3119 168 3202 ρίαν,
191 3121 252 3184 καί
266 3144 297 3184 τι
315 3116 370 3205 καλ
394 3120 454 3186 τοῦ
473 3121 649 3205 δαιμονίου
666 3132 843 3208 κεραυνοῖς
865 3116 923 3185 καὶ
940 3111 1043 3183 ὕδασι
1074 3111 1079 3117 ’

71 3216 130 3303 καὶ,
146 3222 303 3305 βρονταῖς
320 3220 640 3306 συναγωνισαμένου
657 3233 726 3299 τοῖς
734 3215 889 3307 Ἕλλησι,
909 3221 1044 3285 δείσαν-
1060 3232 1096 3283 30

69 3340 125 3395 τες
149 3323 196 3396 είς
219 3315 334 3407 φυγὴν
356 3319 540 3407 τρέπονται.
582 3320 620 3389 ἐν
636 3316 741 3410 ταάτη
757 3323 798 3410 τῇ
815 3316 904 3408 μάχη
921 3314 1043 3397 πάντες

69 3415 134 3503 μέν
151 3422 186 3487 οἱ
194 3420 262 3489 τῶν
275 3426 440 3509 Κυμαίων
453 3425 564 3501 ἱππεῖς
577 3422 736 3511 λαμπροῖς
747 3416 968 3509 ἠγωνίσαντο,
987 3417 1043 3485 καὶ

658 3772 688 3808 A
