2384 3850
150 126 215 194 260
539 163 581 175 -
628 123 742 183 Θ-

152 299 340 394 φρύνησαν,
359 302 415 371 καλ
431 297 468 371 τὸ
489 301 592 372 δοθὲν
604 293 671 370 ύπό
684 302 743 388 τής
755 296 857 389 τύχης
872 298 1125 389 [πλεονέκτημα]

152 400 330 494 ἀγαπητοῖς
357 407 489 490 ἔλαβον.
525 404 583 473 καὶ
611 399 733 472 αὐτίκα
754 398 833 481 τούς
864 404 977 483 ἱππεῖς
1003 397 1129 472 άναλα-

152 504 269 595 βάντες
288 503 371 576 κατά
385 502 447 595 τήν
465 506 583 597 ἑτέραν
600 499 751 593 πλευράν
767 505 828 573 τοῦ
846 499 966 592 λόφου,
983 498 1128 584 ούδενὸς

153 605 341 688 κωλύοντος
364 602 536 695 άνέβησαν
561 607 617 675 έπλ
641 601 704 693 τήν
728 600 892 726 κορυφήν.
937 603 1130 692 καταλαβό-

119 709 303 800 ῡμευοιδδ
319 705 379 780 τὸν
396 701 462 778 ύπλ
463 735 483 798 ρ
504 705 585 798 [τής]
612 708 760 796 κεφαλῆς
783 709 852 775 τῶν
878 699 1051 794 Ρωμαίων
1073 704 1130 777 κύ·

152 817 302 903 ρυμβον,
334 815 453 881 ἔθεντο
478 813 515 880 έν
532 805 640 903 τούτῳ
662 806 704 877 τά
725 804 829 896 ὅπλα,
862 803 979 876 καλ
941 835 1005 895 την
1021 804 1131 895 άλλην

154 910 300 1000 δύναμιν
323 907 483 1000 άσφαλύς
506 905 775 1000 ἀναβιβάσαντες
795 902 917 1028 ύφηλρῐ
934 907 1053 1000 χάρακι
1071 910 1130 978 καὶ

152 1018 278 1136 βαθείᾳ
295 1011 413 1108 τάφρῳ
428 1009 494 1101 τήν
511 1008 727 1103 παρεμβολήν
745 1005 979 1100 ὠχυρώσαντο
1018 1011 1103 1080 ελ
1067 1039 1131 1100 μεν

152 1103 216 1184 οὖν
240 1107 430 1185 σννιδύν
415 1142 432 1183 ο
457 1110 648 1203 Μενήνιος,
672 1107 746 1183 οἷον
769 1117 875 1182 ἔδωκε
897 1113 1131 1202 πλεονέκτημα

103 1228 135 1277 10
152 1231 221 1298 τοῖς
254 1221 444 1304 πολεμίοις,
475 1216 623 1333 μετέγνω
649 1241 686 1284 τε
715 1211 778 1304 τήν
801 1209 977 1303 ἁμαρτάδα
999 1215 1131 1296 καλε

152 1312 439 1441 άσφαλέστερον’
421 1318 529 1406 απήγε
544 1311 725 1440 χωρίον
687 1344 750 1404 την
766 1312 942 1405 στρατιάν,
966 1313 1069 1404 σοφὸς
1086 1311 1131 1387 ἂν

153 1408 212 1516 ἦν·
237 1423 304 1490 νύν
322 1419 360 1489 δὲ
378 1416 490 1488 δι’λ
452 1447 475 1489 α
476 1415 615 1509 λσχύνης
638 1414 869 1540 λαμβάνων
836 1445 874 1486 το
892 1415 1042 1486 δοκελυ’
1023 1445 1131 1508 ημαρ-

153 1523 308 1611 τηκέναι,
327 1518 433 1592 καλ
401 1548 437 1591 το
457 1516 608 1600 αύθαδες
626 1515 708 1608 πρὸς
725 1516 805 1598 τούς
821 1515 1132 1637 μεταδιδάσκοντας

154 1621 354 1712 φυλάττων,
386 1629 434 1705 ελς
458 1618 620 1713 αἰσχύνης
643 1617 737 1705 ύξιον
760 1621 879 1710 πταῖμα
901 1627 1030 1692 ἔπεσεν.
1073 1616 1131 1691 ολα

106 1734 138 1785 ¹⁶
156 1722 220 1816 γάρ
239 1728 271 1808 ἐξ
288 1722 499 1816 ὑπερδεξίων
517 1720 624 1793 αύτού
640 1720 754 1794 τύπων
770 1750 790 1791 ο
791 1720 1020 1811 λπολέμιοι
985 1750 1043 1804 τας
1057 1721 1131 1806 ἐξύ-

158 1831 237 1908 δους
247 1823 401 1896 ἑκάστοτε
414 1822 634 1955 ποιούμενοι
623 1822 730 1895 πολλά
739 1824 991 1912 ἐπλεονέκτουν,
1005 1820 1130 1916 άγοράς

156 1926 185 1999 τ’
203 1926 317 1998 αὐτων
330 1922 494 2016 άγομένας
506 1922 573 1997 ύπό
586 1929 655 1997 τῶν
674 1924 829 2017 ἐμπύρων
842 1919 1054 2018 ἁρπάζοντες,
1072 1928 1128 1997 καὶ

156 2042 226 2109 τοῖς
246 2030 300 2098 έπλ
317 2024 454 2117 χιλὸν
433 2058 455 2119 η
472 2026 566 2119 υδωρ
591 2029 867 2121 ἐκπορευομένοις
892 2029 1127 2128 ἐπιτιθέμενοι

156 2131 214 2199 καλ
237 2125 459 2253 περιειστήμει
482 2158 529 2224 τφ
518 2124 657 2220 μέν’
637 2127 755 2224 υπάτφ
777 2127 861 2219 μήτε
889 2134 1010 2255 καιροῦ
1040 2104 1129 2201 ελναλ
1143 2152 1187 2203 18(

102 2240 139 2290 2⁰
156 2238 264 2326 κυρλφ
283 2220 367 2303 ἐν
339 2258 365 2326 φ
383 2228 442 2302 τὸν
459 2229 575 2321 άγολυα
588 2238 707 2321 ἔμελλε
723 2243 896 2303 ποιεῖσθαι
913 2260 995 2354 μχτε
1013 2229 1128 2323 τύπου,

156 2328 177 2403 ἃ
171 2331 294 2405 δοκεῖ
306 2332 437 2461 μεγάλα
455 2334 542 2407 εἶναι
561 2331 817 2427 κατηγορήματα
839 2332 1014 2423 ἡγεμόνων
1031 2355 1130 2426 στρα

155 2431 314 2524 τηγλας’
295 2440 460 2526 απείρων
496 2452 566 2518 τοϊς
597 2436 635 2506 δὲ
663 2444 850 2526 Τυρρηνοῖς
879 2433 1055 2525 ἀμφύτερα
1085 2466 1130 2519 ως

157 2534 335 2625 ἐβούλοντο
359 2536 427 2627 εἶχε
450 2543 563 2608 ταῦτα.
612 2538 668 2608 καλ
694 2533 776 2610 ούδε
798 2536 874 2609 τότε
895 2534 1131 2626 ἀπαναστῆναι

156 2634 219 2726 τήν
236 2635 395 2726 στρατιάν
412 2632 430 2707 6
450 2636 622 2729 Μενήνιος
645 2633 843 2729 ύπέμεινεν,
861 2635 938 2709 ἀλλ’
958 2637 1133 2728 ἐξαγαγων

105 2746 140 2797 26
157 2739 342 2829 παρέταξεν
359 2734 404 2821 ύς
422 2745 470 2819 ελς
487 2738 608 2832 μάχην,
626 2739 884 2831 καταφρονήσας
900 2746 969 2813 τῶν
985 2738 1027 2811 τά
1044 2761 1132 2831 συμ-

58 2854 61 2859 ’
157 2839 304 2932 φέροντα
320 2833 584 2931 ὑποτιθεμένων.
617 2845 673 2913 καλ
690 2849 727 2914 ολ
745 2844 914 2934 Τυρρηνοὶ
931 2841 995 2933 τήν
1011 2838 1132 2914 άνοιαν

157 2944 217 3012 τού
235 2944 424 3034 στρατηγοῦ
440 2944 525 3033 μέγα
543 2941 714 3035 εύτύχημα
729 2939 952 3035 ήγησάμενοι,
975 2945 1131 3033 κατέβαι-

157 3071 219 3114 νον
246 3046 283 3113 έκ
305 3048 366 3117 τού
388 3042 530 3138 χάρακος
559 3044 623 3117 οὐκ
647 3045 802 3129 ἐλάττους
824 3042 848 3135 ή
872 3044 1042 3120 διπλάσιοι
1063 3051 1133 3117 τῶν

157 3149 328 3235 πολεμίων
351 3144 454 3229 ὄντες.
491 3145 537 3231 ὥς
561 3149 599 3219 δὲ
623 3151 811 3220 συνέπεσον
828 3146 1000 3239 άλλήλοις,
1026 3145 1133 3239 φόνος

108 3254 142 3305 30
160 3248 310 3335 ἐγίγνετο
333 3250 401 3319 τοῖν
422 3242 592 3339 Ῥωμαίων
618 3248 722 3332 πολύς
745 3249 787 3320 ού
811 3253 1013 3340 δυναμένων
1035 3254 1074 3323 έν
1089 3254 1135 3341 τῇ

159 3345 249 3431 τάξει
265 3350 388 3438 μένειν.
425 3348 576 3434 ἐξολθονν
602 3350 666 3442 γάρ
691 3349 813 3435 αύτούς
829 3358 866 3423 ολ
885 3353 1055 3445 Τυρρηνοὶ
1072 3356 1135 3425 τού

160 3474 198 3519 τε
228 3456 354 3541 χωρίου
382 3448 445 3540 τήν
475 3450 582 3540 φύσιν
608 3460 739 3544 ἔχοντες
768 3452 943 3545 σύμμαχον
973 3455 1030 3525 καλ
1061 3461 1135 3526 τῶν
