2384 3850
481 111 685 172 -H—
1004 109 1064 175 153

95 288 164 356 τῶν
188 286 225 355 δὲ
247 289 395 355 παιδίων
423 281 553 355 τούτων
586 284 651 373 ἐγώ
674 285 737 375 μὲν
760 282 819 356 τόν
837 282 1065 377 πρεσβύτερον

95 377 196 476 ήγον,
213 384 235 475 ή
255 387 291 457 δὲ
309 384 417 477 μήτηρ
434 384 494 458 τόν
510 385 677 478 νεώτερον
701 387 790 478 εἶχεν
814 389 869 457 ἐπὶ
885 392 944 474 τής
961 384 1066 477 ἀγκά-

94 498 170 577 λης·
193 486 212 559 ὁ
228 484 262 557 δ’
280 486 510 578 ἀποστραφεὶς
527 491 584 560 καί
599 486 840 579 παρωσάμενος
852 483 938 578 ἡμᾶς
953 488 1063 560 εἶπεν·

95 587 186 661 Ούτε
203 589 261 671 σός
277 586 353 672 υίὸς
371 596 432 678 ἔτι,
450 595 572 681 μήτερ,
597 598 691 662 ἔσται
714 590 773 661 τὸν
790 586 855 661 ἀπὸ
873 593 973 660 τοῦδε
991 589 1064 679 χρό-

91 720 156 763 νον
174 691 347 780 Μάρκιος,
371 690 445 762 ἀλλ’
472 689 648 783 ἀφήρηταί
669 713 707 762 σε
732 691 791 763 τόν
816 688 1064 781 γηροβοσκόνή
1101 716 1116 764 5

6 808 81 857 ,602
91 801 229 884 πατρίς·
256 792 334 865 ούτε
356 792 415 874 σὸς
432 789 519 886 ἀνήρ
542 791 608 865 ἀπὸ
626 793 766 884 ταύτης,
792 784 1067 883 οάΟύολονμνία,Ι

89 900 152 984 τῆς
176 890 320 986 ἡμέρας,
344 890 418 965 ἀλλ’
438 892 620 986 ,εύτυχοίης
645 899 760 984 ἕτερον
783 894 893 986 ἀνδρα
917 899 1066 984 λαβούσα

90 994 397 1087 εὐδαιμονέστερον
415 1000 512 1087 ἐμοῦ·
531 994 610 1069 οὗθ’
629 996 737 1088 ὑμῶν,
757 989 897 1070 ύτίκνα
910 1006 1065 1087 φίλτατα,

88 1096 225 1190 πατήρ,
249 1097 323 1169 ἀλλ’
349 1094 494 1189 ὀρφανοὶ
517 1102 574 1170 καὶ
599 1106 715 1191 ἔρημοι
738 1097 828 1191 παρά
845 1099 980 1181 ταύταις
1005 1104 1066 1182 ἕως

89 1208 141 1283 εἰς
160 1196 286 1288 ἄνδρας
310 1208 432 1290 ἔλθητε
454 1199 679 1292 τραφήσεσθε.
712 1207 817 1274 ταῦτα
836 1199 958 1291 είπω’ν,
983 1199 1064 1272 ἀλλο
1085 1226 1117 1273 10

89 1301 124 1373 δ’
154 1299 263 1372 ούθδν
286 1299 365 1373 ούτε
390 1301 643 1394 διοικησάμενος
672 1300 743 1375 οὔτ’
772 1309 959 1385 ἐπιστείλας
983 1300 1065 1374 οὔθ’

87 1403 173 1475 ὅποι
189 1403 368 1492 πορεύεται
385 1402 528 1494 φράσας,
542 1404 698 1497 ἀπῆλθεν
712 1409 748 1476 ἐκ
761 1410 820 1495 της
834 1412 940 1487 οἰκίας
953 1404 1065 1496 μόνος,

90 1496 314 1595 ὦγαναῑκες,
332 1503 495 1596 ἀδαυλος,
513 1504 656 1595 άπορος,
681 1505 762 1577 οὐδὲ
779 1505 842 1595 τήν
861 1506 1031 1598 ἐφήμερον
1048 1504 1066 1575 ὁ
1106 1557 1108 1563 1

93 1606 328 1695 δύστηνοςέκ
351 1612 421 1678 τῶν
446 1610 569 1679 ἑαυτοῦ
594 1606 772 1700 χρημάτων
794 1604 924 1699 τροφήν
948 1605 1067 1696 ἐπαγό-

89 1736 204 1799 μενος.
249 1712 307 1779 καὶ
334 1712 493 1798 τέταρτον
523 1707 679 1782 ἐνιαυτόν
707 1707 774 1799 ήδη
797 1714 937 1796 τοῦτον,
969 1712 1001 1793 ἐξ
1025 1698 1068 1779 ού
1087 1733 1118 1781 ιο

90 1808 215 1901 φεύγει
231 1808 294 1899 τήν
311 1817 469 1903 πατρίδα,
490 1808 616 1897 πάντας
634 1810 720 1901 ἡμᾶς
737 1810 933 1907 ἀλλοτρίους
943 1813 1066 1882 ἑαυτοῦ

91 1910 286 2003 νενόμικεν,
305 1908 345 1984 ού
363 1910 505 2005 γράφων
522 1909 640 2003 ούθέν,
660 1910 722 1986 ούκ
733 1917 947 2003 ἐπιστέλλων,
965 1908 1006 1985 ού
1026 1912 1066 1985 τά

91 2017 176 2105 περὶ
198 2010 283 2105 ήμάς
309 2020 436 2087 εἰδέναι
459 2015 673 2107 βουλόμενος.
722 2015 806 2108 πρός
836 2014 879 2106 δη
907 2014 1067 2105 τοιαύτην

92 2115 210 2206 ψυχὴν
225 2116 316 2188 οὕτω
334 2115 483 2209 σκληράν
500 2122 557 2189 καὶ
570 2117 731 2210 άτρωτον,
751 2110 971 2210 ὦΟύαλερία,
990 2125 1067 2189 τίνα

94 2217 198 2309 ἰσχύν
215 2222 348 2302 ἕξουσιν
366 2226 404 2290 αί
418 2216 499 2310 παρ’
519 2216 615 2310 ἡμῶν
633 2219 775 2310 δεήσεις,
794 2217 847 2302 αῖς
864 2218 943 2292 ούτε
960 2216 1066 2291 ἀσπα-
1085 2243 1118 2292 20

91 2324 191 2410 σμῶν
208 2323 398 2410 μετέδωκεν
420 2319 499 2393 ούτε
521 2319 718 2412 φιλημάτων
743 2318 823 2391 ούτε
846 2317 949 2410 ἄλλης
972 2331 1067 2411 φιλο-

91 2419 268 2513 φροσύνης
293 2419 453 2512 ούδεμιάς
481 2423 544 2513 τήν
560 2430 762 2506 τελευταίαν,
779 2420 1005 2513 πορευόμενος
1032 2425 1067 2493 ἐκ

91 2527 155 2614 τῆς
173 2530 280 2605 οίκίας
297 2523 396 2611 δδόνς
834 2548 837 2556 ·

174 2625 342 2695 ΧΧΧΧΗ.
366 2623 456 2698 Ἀλλ’
484 2634 515 2696 εί
536 2629 592 2697 καί
616 2624 737 2698 τούτου
763 2632 880 2698 δεῖσθε
903 2623 1015 2716 ὑμεῖς,
1042 2616 1068 2696 ὦ

92 2743 273 2818 γυναῖκες,
308 2732 365 2800 καὶ
399 2728 533 2810 πάντως
554 2731 673 2800 θέλετε
706 2726 960 2820 ἀσχημονούσας
983 2723 1068 2819 ἡμᾶς
1086 2752 1119 2800 25

95 2837 198 2918 ίδεϊν,
214 2826 402 2929 ἀπολάβετε
419 2848 577 2920 παρεῖναι
595 2828 677 2922 πρός
695 2828 800 2902 αὐτόν
813 2828 896 2921 κάμὲ
910 2832 967 2901 καὶ
983 2827 1068 2902 Θύο-

13 2957 83 3006 1603
96 2939 264 3021 λονμνίαν
287 2930 433 3022 ἀγούσας
456 2929 497 3003 τά
519 2938 656 3003 παιδία·
683 2940 777 3014 τίνας
801 2936 865 3022 ἐρῶ
890 2935 1023 3022 πρῶτον
1046 2925 1067 3018 ἡ

94 3032 205 3124 μήτηρ
223 3037 288 3122 ἐγω
305 3060 390 3125 προς
408 3062 510 3104 αυτον
528 3042 659 3123 λογονς,
678 3036 735 3105 καὶ
752 3025 828 3105 τίνα
846 3037 962 3122 δέησιν
976 3031 1068 3122 ποιή-

95 3157 196 3225 σομαι
213 3141 274 3206 τού
292 3141 387 3222 νίοῦς
406 3138 518 3225 λέγετε
535 3139 591 3206 καὶ
611 3134 789 3207 διδάσκετέ
804 3163 854 3226 με.
883 3143 1069 3225 φείσασθαι

95 3241 281 3327 παρακαλῶ
293 3244 362 3309 τῶν
376 3240 498 3309 εἀντού
511 3240 668 3332 πηλιτων,
681 3233 741 3326 ὑφ’
763 3227 813 3309 ὧν
831 3241 867 3307 ἐκ
880 3240 938 3325 τῆς
952 3244 1068 3327 πατρί·
1086 3258 1119 3306 30

97 3346 157 3420 δος
174 3337 366 3428 ἐξελήλαται
384 3341 440 3410 καὶ
458 3341 564 3409 ταύτα
579 3339 692 3434 μηθὲν
710 3334 855 3424 ἀδικῶνς
875 3345 1069 3428 οἰκτίρμονα

99 3441 138 3510 δὲ
152 3441 208 3509 καὶ
221 3445 385 3531 σνμπαθή
399 3438 482 3531 πρός
495 3438 574 3521 τούς
589 3436 786 3528 δημοτικούς
799 3441 973 3527 γενέσθαι,
985 3435 1064 3526 παρ’
