2384 3850
575 103 780 162 ..H-

194 275 325 366 πολλην
341 273 492 363 άνάγκην
509 277 588 344 νυνὶ
608 271 664 344 διά
680 272 779 345 τόνδε
795 273 856 345 τὸν
873 273 1035 366 πόλεμον,
1053 277 1154 348 πάντα

195 380 267 470 γάρ
277 374 345 448 ῦπδ
364 377 460 458 δέους
473 378 590 446 κοινοῦ
602 382 827 447 συνίστασθαι
839 387 934 467 φιλεῖ
944 376 984 448 τά
1000 377 1152 470 διάφορα·

197 477 259 570 ούχ
289 477 339 550 ὅτι
364 474 571 549 Ούολοῦσκοι
603 476 844 570 κρατήσουσιν,
876 474 949 548 ἀλλ’
978 478 1057 550 οὐδὲ
1080 477 1172 550 άλλοὶ

196 586 265 653 τῶν
290 580 373 652 κατά
402 578 465 668 τὴν
485 578 628 649 Ἰταλίαν
655 583 769 650 ἐθνῶν
795 577 915 651 οῦθέν·
949 580 1054 670 πολλὴ
1081 578 1154 668 666

163 714 179 761 5
197 691 353 756 Λατίνων
376 684 433 752 καί
455 686 524 751 τῶν
541 677 654 750 άλλων
672 680 856 799 συμμάχων
879 710 916 752 τε
939 685 995 752 καὶ
1014 681 1154 753 ἀποίκων

195 792 253 875 τῆς
271 783 399 865 πόλεως
418 778 569 872 ἰσχύς,
548 811 591 871 ην
608 778 725 870 ὀλίγου
743 784 855 853 πάσαν
874 786 1056 873 ἐπίκουρον
1073 783 1154 872 ἥξειν

196 888 400 977 προσδέχου
434 890 617 1008 στρατηγοί
636 911 672 954 τε
701 880 771 966 οἷος
795 880 838 952 σύ
862 887 919 952 καί
943 883 1153 976 πρεσβύτεροι

198 991 253 1057 καί
277 987 347 1056 νέοι
369 990 521 1056 τοσοῦτοι
538 984 574 1054 τὸ
597 988 747 1074 πλῆθος,
771 981 952 1082 ὅσοίπερ
934 985 1080 1070 άπάσαις
1103 984 1153 1056 οὐκ

166 1091 262 1158 εἰσί
217 1095 352 1210 ἰτρίς
369 1083 485 1166 άλλαις
502 1083 627 1156 πόλεσι
656 1092 794 1175 μεγίστη
813 1086 851 1155 δέ
869 1091 987 1157 πασῶν
1005 1085 1153 1176 βοήθεια,

137 1208 180 1268 '10
198 1185 309 1259 καί
272 1217 330 1269 τας
349 1192 472 1268 ἐντοῖς
489 1193 615 1267 δεινοῖς
634 1190 712 1257 ἐλπί
697 1193 770 1269 ίδας
786 1182 993 1258 ούδέποθΗ
976 1192 1073 1278 ημῶν
1086 1205 1154 1273 ψευ-

198 1292 342 1380 σαμένη,
374 1287 551 1378 συμπάσης
570 1315 607 1358 τε
627 1283 775 1377 άμείυωυ
793 1287 1014 1380 ἀνθρωπίνης
1037 1289 1152 1380 ἰσχύος,

197 1389 219 1482 6
237 1391 327 1482 παρά
344 1393 413 1462 τῶν
430 1394 525 1461 θεῶν
542 1387 674 1478 εῦνοια,
699 1389 744 1460 δι’
766 1385 825 1471 οῦς
844 1386 884 1459 ού
904 1388 1009 1479 μόνον
1027 1394 1154 1462 ἐλευθέ-

198 1525 263 1585 ραν
280 1501 330 1578 εἰς
340 1491 419 1564 τόδε
431 1491 555 1582 χρόνου
568 1488 630 1580 την
643 1489 743 1562 πόλιν
755 1489 856 1580 τήνδε
869 1498 1029 1581 οἰκοῦμεν
1040 1489 1154 1580 ὀγδόην

124 1622 125 1627 ’
197 1595 263 1686 ἤδη
280 1593 343 1686 τὴν
359 1600 424 1666 νῦν
441 1592 574 1684 γενεάν,
592 1587 678 1662 ἄλλά
689 1591 948 1682 καίεύδαίμουα
961 1595 1017 1663 καὶ
1031 1596 1155 1664 πολλῶν

148 1726 180 1775 15
200 1702 312 1769 ἐθνῶν
329 1695 508 1786 ἄρχουσαν
537 1715 581 1784 μη
570 1691 643 1784 δη
653 1690 850 1775 Πεδανοις
832 1723 917 1784 ημοις
931 1692 1068 1786 εἰκάσῃς
1081 1693 1154 1784 μηδὲ

203 1806 392 1889 Τολερίνοις
410 1797 495 1885 μηδε
512 1813 581 1876 τοῖς
599 1793 711 1878 άλλοις
729 1787 1048 1920 μικροπολίταις,
1021 1825 1070 1867 ων
1087 1823 1154 1866 κατ

193 1909 291 1991 ιε’σχες
314 1897 355 1970 τά
379 1906 549 1987 πολίχνια·
572 1894 711 2023 καίγαρ
730 1895 839 2022 ἥττων
856 1895 899 1968 66
916 1905 966 1979 τίς
985 1919 1048 1968 σου
1066 1922 1154 1987 στρα-

197 2001 308 2090 τηγός,
341 1995 434 2070 καί’
415 1996 475 2069 απ’
496 1996 707 2081 ἐλάττονος”
685 1998 883 2122 ητοσαύτης
901 2004 1070 2088 στρατιάς
1066 1996 1154 2086 ὀλιγ-

199 2109 400 2192 ανθρωπίαν
422 2103 478 2173 καὶ
496 2098 724 2191 φαυλότηιαέ
725 2098 883 2191 ρυμάτων
898 2101 1069 2190 ἐβιάσατο·
1088 2094 1169 2169 άλλ’1

147 2233 181 2281 20
200 2206 352 2295 ἐνθυμοῦ
368 2199 405 2274 τδ
422 2207 564 2293 μέγεθος
581 2208 640 2291 της
658 2198 785 2284 πόλεως
803 2205 859 2273 κοιλ
875 2199 938 2291 τὴν
952 2201 1155 2292 λαμπρότητα

197 2311 265 2377 τῶν
284 2310 321 2378 ἐν
337 2323 407 2388 τοῖς
424 2307 579 2431 πολέμμις
600 2303 754 2429 πράξεριν
776 2306 831 2373 καὶ
848 2301 911 2395 τὴν
935 2307 971 2373 ἐκ
989 2333 1048 2374 του
1038 2307 1154 2375 θείου

198 2415 373 2500 παροῦσαν
390 2404 477 2499 αῦτη
492 2406 608 2497 τύχην,
632 2402 712 2476 δι’
697 2435 741 2494 ην
760 2410 795 2475 ἐκ
812 2408 935 2529 μικράς
949 2404 1095 2494 τοσαύτη
1112 2406 1154 2491 γε’-

196 2540 285 2599 γονε.
325 2514 381 2579 καί
404 2508 467 2597 τὴν
489 2511 635 2579 σεαυτοῦ
660 2504 875 2597 δύναμιν,
853 2535 897 2594 ην
921 2504 1056 2595 ἐπάγων
1080 2514 1154 2596 ἔργῳ

196 2616 325 2706 τοσῶδε
343 2614 529 2700 ἐπιχειρεῖς,
547 2639 592 2699 μη
580 2606 716 2699 νόμιζε
730 2605 907 2697 ἠλλάχθαι,
918 2605 1006 2678 ἀλλά
1015 2611 1152 2697 μέμνησο

147 2738 181 2786 25
199 2708 386 2841 άκριβῶς”
367 2739 417 2779 οτι
438 2709 663 2782 Οὐολούσκων
686 2738 722 2780 τε
747 2714 803 2789 καί
821 2713 981 2780 Αἰκανῶν
1006 2704 1153 2800 στρατιάν

199 2810 317 2902 ἐπάγη,
331 2807 390 2893 οῦς
410 2806 505 2934 ημεῑς
523 2817 595 2881 οιδε
611 2816 699 2882 οἰ
656 2841 722 2883 νυν
735 2809 829 2891 ὅντες
845 2814 880 2884 ἐν
894 2820 1034 2891 πολλαῖς
1051 2810 1152 2881 ἐνικῶ-

197 2943 260 3005 μεν
271 2911 401 3005 μάχαις,
414 2910 528 2995 ὁσάκις
545 2911 627 3002 ἡμϊν
646 2912 830 3002 ἐτόλμησαν
845 2920 891 2995 εἰς
904 2911 1051 3002 πόλεμον
1063 2938 1153 2981 κατα-

197 3020 332 3106 στῆναι·
353 3013 437 3087 ῶστε
456 3014 521 3087 σύν
538 3031 606 3097 τοίς
624 3024 772 3108 χείροσιν
790 3012 1016 3102 ἀγωνίζεσθαι
1034 3016 1152 3109 μέλλων

198 3130 272 3187 ἰσθι
289 3116 373 3241 πρὸς
388 3116 466 3199 τούς
484 3127 690 3208 κρείττονας,
716 3119 771 3186 καί
790 3114 855 3186 σύν
875 3132 945 3196 τοίς
964 3110 1152 3208 ἡττωμένοις

148 3245 181 3291 30
200 3216 255 3286 διά
273 3214 396 3297 παντὸς
413 3217 495 3308 πρὸς
512 3215 589 3298 τούς
607 3222 769 3298 νικῶντας
788 3216 849 3287 άεί.
880 3225 911 3287 εἰ
929 3218 966 3287 δὲ
985 3218 1027 3305 δὴ
1045 3215 1151 3287 τάναν·

199 3329 254 3387 τία
272 3315 400 3386 τούτων
417 3309 475 3413 ἦν,
502 3318 610 3388 ἐκεῖνό
628 3322 668 3404 γε’
688 3346 738 3387 τοι
756 3318 943 3441 θαυμάζειν
960 3316 1072 3408 ἄξιον,
1093 3318 1151 3391 πῶς

199 3419 324 3505 λε’ληθέ
339 3439 378 3486 σε
395 3423 584 3507 πολεμικῶν
601 3414 681 3487 ὄντα
699 3418 903 3509 πραγμάτων
921 3428 1094 3515 ἔμπειρον,
1112 3412 1152 3485 ὅτι
