<?xml version="1.0" encoding="UTF-8"?>
<!DOCTYPE html PUBLIC "-//W3C//DTD XHTML 1.0 Transitional//EN"
    "http://www.w3.org/TR/xhtml1/DTD/xhtml1-transitional.dtd">
<html xmlns="http://www.w3.org/1999/xhtml" xml:lang="en" lang="en">
 <head>
  <title>
</title>
<meta http-equiv="Content-Type" content="text/html;charset=utf-8" />
  <meta name='ocr-system' content='tesseract 3.04.00' />
  <meta name='ocr-capabilities' content='ocr_page ocr_carea ocr_par ocr_line ocrx_word'/>
</head>
<body>
  <div class='ocr_page' id='page_1' title='image "./dionysihalicarn01kiesgoog_0311.png"; bbox 0 0 2384 3850; ppageno 0'>
   <div class='ocr_carea' id='block_1_1' title="bbox 447 93 1038 160">
    <p class='ocr_par' dir='ltr' id='par_1_1' title="bbox 447 93 1038 160">
     <span class='ocr_line' id='line_1_1' title="bbox 447 93 1038 160; baseline 0.01 -6"><span class='ocrx_word' id='word_1_1' title='bbox 447 95 645 154; x_wconf 62' lang='lat'><strong><em>—(⁸)-</em></strong></span> <span class='ocrx_word' id='word_1_2' title='bbox 973 93 1038 160; x_wconf 81' lang='lat'><strong><em>265</em></strong></span> 
     </span>
    </p>
   </div>
   <div class='ocr_carea' id='block_1_2' title="bbox 18 265 1091 3505">
    <p class='ocr_par' dir='ltr' id='par_1_2' title="bbox 57 265 1090 1577">
     <span class='ocr_line' id='line_1_2' title="bbox 57 265 1037 360; baseline 0.002 -22"><span class='ocrx_word' id='word_1_3' title='bbox 57 269 162 360; x_wconf 85' lang='grc' dir='ltr'><strong><em>μέρος</em></strong></span> <span class='ocrx_word' id='word_1_4' title='bbox 176 269 241 358; x_wconf 86' lang='grc' dir='ltr'><strong><em>μέν</em></strong></span> <span class='ocrx_word' id='word_1_5' title='bbox 254 295 286 337; x_wconf 94' lang='grc' dir='ltr'><strong><em>τι</em></strong></span> <span class='ocrx_word' id='word_1_6' title='bbox 300 265 404 357; x_wconf 85' lang='grc' dir='ltr'><strong><em>ταότη</em></strong></span> <span class='ocrx_word' id='word_1_7' title='bbox 418 273 610 338; x_wconf 78' lang='grc' dir='ltr'><strong><em>καταλείπει</em></strong></span> <span class='ocrx_word' id='word_1_8' title='bbox 623 271 681 358; x_wconf 90' lang='grc' dir='ltr'><strong><em>τῆς</em></strong></span> <span class='ocrx_word' id='word_1_9' title='bbox 695 272 849 359; x_wconf 82' lang='grc' dir='ltr'><strong><em>στρατιάς</em></strong></span> <span class='ocrx_word' id='word_1_10' title='bbox 862 265 1037 352; x_wconf 79' lang='grc' dir='ltr'><strong><em>κωλύσεως</em></strong></span> 
     </span>
     <span class='ocr_line' id='line_1_3' title="bbox 58 363 1038 460; baseline 0.004 -20"><span class='ocrx_word' id='word_1_11' title='bbox 58 373 182 442; x_wconf 81' lang='grc' dir='ltr'><strong><em>ἕνεκεν</em></strong></span> <span class='ocrx_word' id='word_1_12' title='bbox 200 372 271 440; x_wconf 78' lang='grc' dir='ltr'><strong><em>των</em></strong></span> <span class='ocrx_word' id='word_1_13' title='bbox 288 371 326 439; x_wconf 93' lang='grc' dir='ltr'><strong><em>έκ</em></strong></span> <span class='ocrx_word' id='word_1_14' title='bbox 348 372 409 439; x_wconf 78' lang='grc' dir='ltr'><em>τοὺ</em></span> <span class='ocrx_word' id='word_1_15' title='bbox 431 367 574 460; x_wconf 91' lang='grc' dir='ltr'><strong><em>χάρακος</em></strong></span> <span class='ocrx_word' id='word_1_16' title='bbox 599 367 913 460; x_wconf 79' lang='grc' dir='ltr'><strong><em>ἐπιβοηθησόντων,</em></strong></span> <span class='ocrx_word' id='word_1_17' title='bbox 937 363 975 442; x_wconf 82' lang='grc' dir='ltr'><strong><em>τό</em></strong></span> <span class='ocrx_word' id='word_1_18' title='bbox 999 374 1038 444; x_wconf 73' lang='grc' dir='ltr'><strong><em>δὲ</em></strong></span> 
     </span>
     <span class='ocr_line' id='line_1_4' title="bbox 59 467 1039 562; baseline 0.005 -22"><span class='ocrx_word' id='word_1_19' title='bbox 59 469 186 542; x_wconf 83' lang='grc' dir='ltr'><strong><em>λοιπὸν</em></strong></span> <span class='ocrx_word' id='word_1_20' title='bbox 205 467 307 551; x_wconf 78' lang='grc' dir='ltr'><strong><em>αὐτὸς</em></strong></span> <span class='ocrx_word' id='word_1_21' title='bbox 324 467 419 559; x_wconf 88' lang='grc' dir='ltr'><strong><em>ἀγων</em></strong></span> <span class='ocrx_word' id='word_1_22' title='bbox 444 473 624 562; x_wconf 75' lang='grc' dir='ltr'><strong><em>ἐπεφέρετο</em></strong></span> <span class='ocrx_word' id='word_1_23' title='bbox 641 487 711 554; x_wconf 89' lang='grc' dir='ltr'><strong><em>τοῖς</em></strong></span> <span class='ocrx_word' id='word_1_24' title='bbox 728 478 907 561; x_wconf 90' lang='grc' dir='ltr'><strong><em>πολεμίοις.</em></strong></span> <span class='ocrx_word' id='word_1_25' title='bbox 944 475 981 544; x_wconf 91' lang='grc' dir='ltr'><strong><em>έν</em></strong></span> <span class='ocrx_word' id='word_1_26' title='bbox 1000 475 1039 544; x_wconf 75' lang='grc' dir='ltr'><strong><em>δὲ</em></strong></span> 
     </span>
     <span class='ocr_line' id='line_1_5' title="bbox 58 569 1037 666; baseline 0.002 -24"><span class='ocrx_word' id='word_1_27' title='bbox 58 570 172 666; x_wconf 76' lang='grc' dir='ltr'><strong><em>τούτῳ</em></strong></span> <span class='ocrx_word' id='word_1_28' title='bbox 198 573 255 642; x_wconf 83' lang='grc' dir='ltr'><strong><em>καὶ</em></strong></span> <span class='ocrx_word' id='word_1_29' title='bbox 280 575 313 643; x_wconf 90' lang='grc' dir='ltr'><strong><em>οί</em></strong></span> <span class='ocrx_word' id='word_1_30' title='bbox 329 569 412 662; x_wconf 87' lang='grc' dir='ltr'><strong><em>μετά</em></strong></span> <span class='ocrx_word' id='word_1_31' title='bbox 435 575 495 643; x_wconf 81' lang='grc' dir='ltr'><strong><em>τοῦ</em></strong></span> <span class='ocrx_word' id='word_1_32' title='bbox 513 578 717 663; x_wconf 77' lang='grc' dir='ltr'><strong><em>Σερουιλίου</em></strong></span> <span class='ocrx_word' id='word_1_33' title='bbox 740 570 973 664; x_wconf 73' lang='grc' dir='ltr'><strong><em>θαρσήσαντες</em></strong></span> <span class='ocrx_word' id='word_1_34' title='bbox 995 581 1037 665; x_wconf 87' lang='grc' dir='ltr'><strong><em>τῆ</em></strong></span> 
     </span>
     <span class='ocr_line' id='line_1_6' title="bbox 58 669 1072 771; baseline 0.005 -27"><span class='ocrx_word' id='word_1_35' title='bbox 58 680 238 767; x_wconf 80' lang='grc' dir='ltr'><strong><em>παρουσίᾳ</em></strong></span> <span class='ocrx_word' id='word_1_36' title='bbox 255 679 323 744; x_wconf 77' lang='grc' dir='ltr'><strong><em>τάν</em></strong></span> <span class='ocrx_word' id='word_1_37' title='bbox 341 675 527 771; x_wconf 64' lang='grc' dir='ltr'><strong><em>σφετέρων,</em></strong></span> <span class='ocrx_word' id='word_1_38' title='bbox 539 669 793 765; x_wconf 70' lang='grc' dir='ltr'><strong><em>ὑποστρέψωσι</em></strong></span> <span class='ocrx_word' id='word_1_39' title='bbox 807 701 844 746; x_wconf 93' lang='grc' dir='ltr'><strong><em>τε</em></strong></span> <span class='ocrx_word' id='word_1_40' title='bbox 860 677 917 744; x_wconf 79' lang='grc' dir='ltr'><strong><em>καὶ</em></strong></span> <span class='ocrx_word' id='word_1_41' title='bbox 935 703 1037 746; x_wconf 85' lang='grc' dir='ltr'><strong><em>κατα·</em></strong></span> <span class='ocrx_word' id='word_1_42' title='bbox 1055 700 1072 749; x_wconf 85' lang='lat'><strong>5</strong></span> 
     </span>
     <span class='ocr_line' id='line_1_7' title="bbox 58 771 1041 866; baseline 0.003 -22"><span class='ocrx_word' id='word_1_43' title='bbox 58 775 205 856; x_wconf 77' lang='grc' dir='ltr'><strong><em>στάντες</em></strong></span> <span class='ocrx_word' id='word_1_44' title='bbox 230 773 399 865; x_wconf 83' lang='grc' dir='ltr'><strong><em>ἐμάχοντο.</em></strong></span> <span class='ocrx_word' id='word_1_45' title='bbox 436 777 669 858; x_wconf 79' lang='grc' dir='ltr'><strong><em>κυκλωθέντες</em></strong></span> <span class='ocrx_word' id='word_1_46' title='bbox 701 776 738 846; x_wconf 71' lang='grc' dir='ltr'><strong><em>δέ</em></strong></span> <span class='ocrx_word' id='word_1_47' title='bbox 767 771 831 847; x_wconf 79' lang='grc' dir='ltr'><strong><em>ἀπ’</em></strong></span> <span class='ocrx_word' id='word_1_48' title='bbox 854 773 983 866; x_wconf 80' lang='grc' dir='ltr'><strong><em>ἀμφοῖν</em></strong></span> <span class='ocrx_word' id='word_1_49' title='bbox 1005 781 1041 847; x_wconf 87' lang='grc' dir='ltr'><strong><em>υί</em></strong></span> 
     </span>
     <span class='ocr_line' id='line_1_8' title="bbox 62 874 1038 969; baseline 0.001 -21"><span class='ocrx_word' id='word_1_50' title='bbox 62 877 242 968; x_wconf 83' lang='grc' dir='ltr'><strong><em>Τυρρηνοὶ</em></strong></span> <span class='ocrx_word' id='word_1_51' title='bbox 273 880 328 947; x_wconf 80' lang='grc' dir='ltr'><strong><em>καί</em></strong></span> <span class='ocrx_word' id='word_1_52' title='bbox 358 874 436 948; x_wconf 78' lang='grc' dir='ltr'><strong><em>οὔτε</em></strong></span> <span class='ocrx_word' id='word_1_53' title='bbox 471 875 585 967; x_wconf 89' lang='grc' dir='ltr'><strong><em>πρόσω</em></strong></span> <span class='ocrx_word' id='word_1_54' title='bbox 617 882 900 969; x_wconf 75' lang='grc' dir='ltr'><strong><em>διεκπορευθῆναι</em></strong></span> <span class='ocrx_word' id='word_1_55' title='bbox 932 877 1038 949; x_wconf 91' lang='grc' dir='ltr'><strong><em>δυνά-</em></strong></span> 
     </span>
     <span class='ocr_line' id='line_1_9' title="bbox 58 975 1038 1070; baseline 0.001 -20"><span class='ocrx_word' id='word_1_56' title='bbox 58 1007 159 1068; x_wconf 89' lang='grc' dir='ltr'><strong><em>μενοι</em></strong></span> <span class='ocrx_word' id='word_1_57' title='bbox 179 977 238 1048; x_wconf 84' lang='grc' dir='ltr'><strong><em>διά</em></strong></span> <span class='ocrx_word' id='word_1_58' title='bbox 250 977 329 1060; x_wconf 83' lang='grc' dir='ltr'><strong><em>τούς</em></strong></span> <span class='ocrx_word' id='word_1_59' title='bbox 341 975 443 1068; x_wconf 87' lang='grc' dir='ltr'><strong><em>ὁμόσε</em></strong></span> <span class='ocrx_word' id='word_1_60' title='bbox 455 981 658 1068; x_wconf 78' lang='grc' dir='ltr'><strong><em>χωροάντας,</em></strong></span> <span class='ocrx_word' id='word_1_61' title='bbox 684 977 763 1051; x_wconf 82' lang='grc' dir='ltr'><strong><em>οότε</em></strong></span> <span class='ocrx_word' id='word_1_62' title='bbox 775 977 883 1050; x_wconf 85' lang='grc' dir='ltr'><strong><em>ὀπίσω</em></strong></span> <span class='ocrx_word' id='word_1_63' title='bbox 896 978 1038 1070; x_wconf 80' lang='grc' dir='ltr'><strong><em>φεύγειν</em></strong></span> 
     </span>
     <span class='ocr_line' id='line_1_10' title="bbox 60 1077 1039 1171; baseline 0.001 -20"><span class='ocrx_word' id='word_1_64' title='bbox 60 1085 114 1151; x_wconf 79' lang='grc' dir='ltr'><strong><em>έπὶ</em></strong></span> <span class='ocrx_word' id='word_1_65' title='bbox 134 1078 199 1150; x_wconf 85' lang='grc' dir='ltr'><strong><em>τὸν</em></strong></span> <span class='ocrx_word' id='word_1_66' title='bbox 212 1078 340 1170; x_wconf 88' lang='grc' dir='ltr'><strong><em>χάρακα</em></strong></span> <span class='ocrx_word' id='word_1_67' title='bbox 355 1079 410 1150; x_wconf 84' lang='grc' dir='ltr'><strong><em>διά</em></strong></span> <span class='ocrx_word' id='word_1_68' title='bbox 422 1079 503 1162; x_wconf 78' lang='grc' dir='ltr'><strong><em>τούς</em></strong></span> <span class='ocrx_word' id='word_1_69' title='bbox 520 1078 660 1150; x_wconf 84' lang='grc' dir='ltr'><strong><em>κατόπιν</em></strong></span> <span class='ocrx_word' id='word_1_70' title='bbox 675 1079 838 1171; x_wconf 88' lang='grc' dir='ltr'><strong><em>έπιόντας,</em></strong></span> <span class='ocrx_word' id='word_1_71' title='bbox 855 1077 918 1152; x_wconf 76' lang='grc' dir='ltr'><strong><em>οὐκ</em></strong></span> <span class='ocrx_word' id='word_1_72' title='bbox 932 1077 1039 1153; x_wconf 89' lang='grc' dir='ltr'><strong><em>άνάυ-</em></strong></span> 
     </span>
     <span class='ocr_line' id='line_1_11' title="bbox 61 1177 1090 1274; baseline 0.004 -21"><span class='ocrx_word' id='word_1_73' title='bbox 61 1189 153 1273; x_wconf 91' lang='grc' dir='ltr'><strong><em>δρως</em></strong></span> <span class='ocrx_word' id='word_1_74' title='bbox 171 1178 303 1270; x_wconf 72' lang='grc' dir='ltr'><strong><em>ἀτυχῶς</em></strong></span> <span class='ocrx_word' id='word_1_75' title='bbox 322 1177 354 1250; x_wconf 90' lang='grc' dir='ltr'><strong><em>δ’</em></strong></span> <span class='ocrx_word' id='word_1_76' title='bbox 374 1186 410 1253; x_wconf 92' lang='grc' dir='ltr'><strong><em>οί</em></strong></span> <span class='ocrx_word' id='word_1_77' title='bbox 423 1190 559 1263; x_wconf 88' lang='grc' dir='ltr'><strong><em>πλείους</em></strong></span> <span class='ocrx_word' id='word_1_78' title='bbox 576 1181 818 1273; x_wconf 83' lang='grc' dir='ltr'><strong><em>κατεκόπησαν.</em></strong></span> <span class='ocrx_word' id='word_1_79' title='bbox 858 1185 1038 1274; x_wconf 80' lang='grc' dir='ltr'><strong><em>γενομένης</em></strong></span> <span class='ocrx_word' id='word_1_80' title='bbox 1057 1207 1090 1257; x_wconf 87' lang='grc'><strong><em>10</em></strong></span> 
     </span>
     <span class='ocr_line' id='line_1_12' title="bbox 62 1277 1039 1372; baseline 0.004 -20"><span class='ocrx_word' id='word_1_81' title='bbox 62 1283 92 1352; x_wconf 89' lang='grc' dir='ltr'><strong><em>δ’</em></strong></span> <span class='ocrx_word' id='word_1_82' title='bbox 116 1287 257 1370; x_wconf 79' lang='grc' dir='ltr'><strong><em>οἰκτράς</em></strong></span> <span class='ocrx_word' id='word_1_83' title='bbox 274 1291 370 1372; x_wconf 86' lang='grc' dir='ltr'><strong><em>νίκης</em></strong></span> <span class='ocrx_word' id='word_1_84' title='bbox 388 1285 464 1372; x_wconf 86' lang='grc' dir='ltr'><strong><em>περὶ</em></strong></span> <span class='ocrx_word' id='word_1_85' title='bbox 482 1280 559 1364; x_wconf 80' lang='grc' dir='ltr'><strong><em>τοὺς</em></strong></span> <span class='ocrx_word' id='word_1_86' title='bbox 573 1277 765 1372; x_wconf 83' lang='grc' dir='ltr'><strong><em>Ῥωμαίους,</em></strong></span> <span class='ocrx_word' id='word_1_87' title='bbox 783 1287 839 1354; x_wconf 79' lang='grc' dir='ltr'><strong><em>καί</em></strong></span> <span class='ocrx_word' id='word_1_88' title='bbox 857 1282 897 1356; x_wconf 80' lang='grc' dir='ltr'><strong><em>οὐ</em></strong></span> <span class='ocrx_word' id='word_1_89' title='bbox 911 1284 1039 1356; x_wconf 90' lang='grc' dir='ltr'><strong><em>παντά-</em></strong></span> 
     </span>
     <span class='ocr_line' id='line_1_13' title="bbox 61 1381 1038 1476; baseline 0.002 -21"><span class='ocrx_word' id='word_1_90' title='bbox 61 1405 170 1456; x_wconf 87' lang='grc' dir='ltr'><strong><em>πασιν</em></strong></span> <span class='ocrx_word' id='word_1_91' title='bbox 197 1381 333 1474; x_wconf 73' lang='grc' dir='ltr'><strong><em>εὐτυχές</em></strong></span> <span class='ocrx_word' id='word_1_92' title='bbox 354 1387 448 1468; x_wconf 90' lang='grc' dir='ltr'><strong><em>τέλος</em></strong></span> <span class='ocrx_word' id='word_1_93' title='bbox 473 1382 647 1473; x_wconf 90' lang='grc' dir='ltr'><strong><em>είληφότος</em></strong></span> <span class='ocrx_word' id='word_1_94' title='bbox 669 1390 730 1455; x_wconf 84' lang='grc' dir='ltr'><strong><em>τοῦ</em></strong></span> <span class='ocrx_word' id='word_1_95' title='bbox 747 1382 894 1474; x_wconf 73' lang='grc' dir='ltr'><strong><em>ἀγῶνος,</em></strong></span> <span class='ocrx_word' id='word_1_96' title='bbox 926 1392 961 1456; x_wconf 90' lang='grc' dir='ltr'><strong><em>οί</em></strong></span> <span class='ocrx_word' id='word_1_97' title='bbox 975 1387 1038 1476; x_wconf 82' lang='grc' dir='ltr'><strong><em>μέν</em></strong></span> 
     </span>
     <span class='ocr_line' id='line_1_14' title="bbox 64 1483 1038 1577; baseline 0.001 -20"><span class='ocrx_word' id='word_1_98' title='bbox 64 1485 190 1557; x_wconf 77' lang='grc' dir='ltr'><strong><em>ὕπατοι</em></strong></span> <span class='ocrx_word' id='word_1_99' title='bbox 224 1483 289 1577; x_wconf 86' lang='grc' dir='ltr'><strong><em>πρὸ</em></strong></span> <span class='ocrx_word' id='word_1_100' title='bbox 323 1490 393 1557; x_wconf 81' lang='grc' dir='ltr'><strong><em>τάν</em></strong></span> <span class='ocrx_word' id='word_1_101' title='bbox 428 1491 558 1576; x_wconf 77' lang='grc' dir='ltr'><strong><em>νεκρῶν</em></strong></span> <span class='ocrx_word' id='word_1_102' title='bbox 588 1485 1038 1576; x_wconf 72' lang='grc' dir='ltr'><strong><em>καταστρατοπεδευσάμενοι</em></strong></span> 
     </span>
    </p>

    <p class='ocr_par' dir='ltr' id='par_1_3' title="bbox 19 1585 1090 1883">
     <span class='ocr_line' id='line_1_15' title="bbox 19 1585 1037 1678; baseline 0.002 -21"><span class='ocrx_word' id='word_1_103' title='bbox 19 1621 21 1636; x_wconf 88' lang='grc'><em>·</em></span> <span class='ocrx_word' id='word_1_104' title='bbox 64 1585 128 1677; x_wconf 85' lang='grc' dir='ltr'><strong><em>τῆν</em></strong></span> <span class='ocrx_word' id='word_1_105' title='bbox 147 1591 312 1658; x_wconf 80' lang='grc' dir='ltr'><strong><em>ἐπιοῦσαν</em></strong></span> <span class='ocrx_word' id='word_1_106' title='bbox 329 1585 435 1678; x_wconf 87' lang='grc' dir='ltr'><strong><em>υόκτα</em></strong></span> <span class='ocrx_word' id='word_1_107' title='bbox 453 1585 650 1678; x_wconf 79' lang='grc' dir='ltr'><strong><em>ηὐλίσαντο·</em></strong></span> <span class='ocrx_word' id='word_1_108' title='bbox 682 1594 718 1658; x_wconf 90' lang='grc' dir='ltr'><strong><em>οί</em></strong></span> <span class='ocrx_word' id='word_1_109' title='bbox 733 1587 772 1658; x_wconf 69' lang='grc' dir='ltr'><strong><em>δέ</em></strong></span> <span class='ocrx_word' id='word_1_110' title='bbox 788 1590 982 1676; x_wconf 82' lang='grc' dir='ltr'><strong><em>κατέχοντες</em></strong></span> <span class='ocrx_word' id='word_1_111' title='bbox 998 1587 1037 1659; x_wconf 84' lang='grc' dir='ltr'><strong><em>τὸ</em></strong></span> 
     </span>
     <span class='ocr_line' id='line_1_16' title="bbox 61 1686 1090 1780; baseline 0.003 -20"><span class='ocrx_word' id='word_1_112' title='bbox 61 1686 227 1762; x_wconf 83' lang='grc' dir='ltr'><strong><em>Ἰάνικλον</em></strong></span> <span class='ocrx_word' id='word_1_113' title='bbox 239 1697 418 1780; x_wconf 89' lang='grc' dir='ltr'><strong><em>Τυρρηνοί,</em></strong></span> <span class='ocrx_word' id='word_1_114' title='bbox 434 1687 548 1778; x_wconf 84' lang='grc' dir='ltr'><strong><em>έπειδῆ</em></strong></span> <span class='ocrx_word' id='word_1_115' title='bbox 562 1687 704 1780; x_wconf 78' lang='grc' dir='ltr'><strong><em>οὐδεμία</em></strong></span> <span class='ocrx_word' id='word_1_116' title='bbox 717 1686 807 1779; x_wconf 84' lang='grc' dir='ltr'><strong><em>παρά</em></strong></span> <span class='ocrx_word' id='word_1_117' title='bbox 819 1692 887 1759; x_wconf 79' lang='grc' dir='ltr'><strong><em>τάν</em></strong></span> <span class='ocrx_word' id='word_1_118' title='bbox 900 1699 1039 1761; x_wconf 75' lang='grc' dir='ltr'><strong><em>οἴκοθεν</em></strong></span> <span class='ocrx_word' id='word_1_119' title='bbox 1056 1714 1090 1763; x_wconf 84' lang='lat'><strong><em>15</em></strong></span> 
     </span>
     <span class='ocr_line' id='line_1_17' title="bbox 65 1789 1036 1883; baseline -0.001 -21"><span class='ocrx_word' id='word_1_120' title='bbox 65 1789 187 1883; x_wconf 86' lang='grc' dir='ltr'><strong><em>ῆρχετο</em></strong></span> <span class='ocrx_word' id='word_1_121' title='bbox 212 1793 405 1882; x_wconf 76' lang='grc' dir='ltr'><strong><em>ἐπικουρία,</em></strong></span> <span class='ocrx_word' id='word_1_122' title='bbox 429 1800 625 1862; x_wconf 80' lang='grc' dir='ltr'><strong><em>καταλιπεῖν</em></strong></span> <span class='ocrx_word' id='word_1_123' title='bbox 648 1797 786 1881; x_wconf 75' lang='grc' dir='ltr'><strong><em>ἔκριναν</em></strong></span> <span class='ocrx_word' id='word_1_124' title='bbox 802 1789 840 1861; x_wconf 84' lang='grc' dir='ltr'><strong><em>τὸ</em></strong></span> <span class='ocrx_word' id='word_1_125' title='bbox 857 1789 1036 1882; x_wconf 83' lang='grc' dir='ltr'><strong><em>φρούριον·</em></strong></span> 
     </span>
    </p>

    <p class='ocr_par' dir='ltr' id='par_1_4' title="bbox 18 1888 1038 1984">
     <span class='ocr_line' id='line_1_18' title="bbox 18 1888 1038 1984; baseline 0.002 -21"><span class='ocrx_word' id='word_1_126' title='bbox 18 1891 20 1929; x_wconf 63' lang='grc'>’</span> <span class='ocrx_word' id='word_1_127' title='bbox 67 1896 124 1964; x_wconf 78' lang='grc' dir='ltr'><strong><em>καὶ</em></strong></span> <span class='ocrx_word' id='word_1_128' title='bbox 146 1888 559 1983; x_wconf 76' lang='grc' dir='ltr'><strong><em>ἀναστρατοπεδεύσαντες</em></strong></span> <span class='ocrx_word' id='word_1_129' title='bbox 583 1890 702 1977; x_wconf 82' lang='grc' dir='ltr'><strong><em>νυκτὸς</em></strong></span> <span class='ocrx_word' id='word_1_130' title='bbox 733 1890 867 1982; x_wconf 80' lang='grc' dir='ltr'><strong><em>ἀπῆραν</em></strong></span> <span class='ocrx_word' id='word_1_131' title='bbox 899 1899 946 1976; x_wconf 89' lang='grc' dir='ltr'><strong><em>είς</em></strong></span> <span class='ocrx_word' id='word_1_132' title='bbox 975 1891 1038 1984; x_wconf 87' lang='grc' dir='ltr'><strong><em>τῆν</em></strong></span> 
     </span>
    </p>

    <p class='ocr_par' dir='ltr' id='par_1_5' title="bbox 19 1991 1091 3505">
     <span class='ocr_line' id='line_1_19' title="bbox 19 1991 1039 2086; baseline 0.017 -35"><span class='ocrx_word' id='word_1_133' title='bbox 19 2006 60 2056; x_wconf 74' lang='grc' dir='ltr'><strong><em>ἐιῖ</em></strong></span> <span class='ocrx_word' id='word_1_134' title='bbox 71 1991 290 2067; x_wconf 75' lang='grc' dir='ltr'><strong><em>Οὐιεντανῶν</em></strong></span> <span class='ocrx_word' id='word_1_135' title='bbox 307 1993 406 2067; x_wconf 90' lang='grc' dir='ltr'><strong><em>πόλιν</em></strong></span> <span class='ocrx_word' id='word_1_136' title='bbox 424 1993 593 2084; x_wconf 80' lang='grc' dir='ltr'><strong><em>ἐγγυτάτω</em></strong></span> <span class='ocrx_word' id='word_1_137' title='bbox 611 2004 708 2086; x_wconf 89' lang='grc' dir='ltr'><strong><em>σφίσι</em></strong></span> <span class='ocrx_word' id='word_1_138' title='bbox 725 2000 794 2067; x_wconf 81' lang='grc' dir='ltr'><strong><em>τῶν</em></strong></span> <span class='ocrx_word' id='word_1_139' title='bbox 816 2003 1039 2086; x_wconf 88' lang='grc' dir='ltr'><strong><em>Τυρρηνίδων</em></strong></span> 
     </span>
     <span class='ocr_line' id='line_1_20' title="bbox 68 2094 1038 2187; baseline 0.002 -20"><span class='ocrx_word' id='word_1_140' title='bbox 68 2096 200 2168; x_wconf 90' lang='grc' dir='ltr'><strong><em>πόλεων</em></strong></span> <span class='ocrx_word' id='word_1_141' title='bbox 218 2101 384 2187; x_wconf 89' lang='grc' dir='ltr'><strong><em>κειμένην.</em></strong></span> <span class='ocrx_word' id='word_1_142' title='bbox 415 2104 475 2169; x_wconf 82' lang='grc' dir='ltr'><strong><em>τοῦ</em></strong></span> <span class='ocrx_word' id='word_1_143' title='bbox 495 2099 532 2169; x_wconf 73' lang='grc' dir='ltr'><strong><em>δέ</em></strong></span> <span class='ocrx_word' id='word_1_144' title='bbox 549 2095 694 2186; x_wconf 79' lang='grc' dir='ltr'><strong><em>χάρακος</em></strong></span> <span class='ocrx_word' id='word_1_145' title='bbox 712 2094 876 2169; x_wconf 79' lang='grc' dir='ltr'><strong><em>αότεόνοί</em></strong></span> <span class='ocrx_word' id='word_1_146' title='bbox 886 2095 1038 2187; x_wconf 85' lang='grc' dir='ltr'><strong><em>Ῥωμαῖοι</em></strong></span> 
     </span>
     <span class='ocr_line' id='line_1_21' title="bbox 68 2196 1091 2291; baseline 0.001 -22"><span class='ocrx_word' id='word_1_147' title='bbox 68 2197 293 2291; x_wconf 81' lang='grc' dir='ltr'><strong><em>κρατήσαντες</em></strong></span> <span class='ocrx_word' id='word_1_148' title='bbox 306 2196 346 2269; x_wconf 89' lang='grc' dir='ltr'><strong><em>τά</em></strong></span> <span class='ocrx_word' id='word_1_149' title='bbox 360 2228 395 2269; x_wconf 92' lang='grc' dir='ltr'><strong><em>τε</em></strong></span> <span class='ocrx_word' id='word_1_150' title='bbox 408 2196 559 2290; x_wconf 82' lang='grc' dir='ltr'><strong><em>χρήματα</em></strong></span> <span class='ocrx_word' id='word_1_151' title='bbox 569 2197 821 2288; x_wconf 77' lang='grc' dir='ltr'><strong><em>διαρπάζουσιν,</em></strong></span> <span class='ocrx_word' id='word_1_152' title='bbox 830 2196 893 2269; x_wconf 81' lang='grc' dir='ltr'><strong><em>ὅσα</em></strong></span> <span class='ocrx_word' id='word_1_153' title='bbox 902 2197 1038 2270; x_wconf 81' lang='grc' dir='ltr'><strong><em>ὑπελεί-</em></strong></span> <span class='ocrx_word' id='word_1_154' title='bbox 1055 2221 1091 2270; x_wconf 81' lang='lat'><strong><em>20</em></strong></span> 
     </span>
     <span class='ocr_line' id='line_1_22' title="bbox 69 2296 1039 2390; baseline -0.001 -19"><span class='ocrx_word' id='word_1_155' title='bbox 69 2326 173 2372; x_wconf 88' lang='grc' dir='ltr'><strong><em>ποντο</em></strong></span> <span class='ocrx_word' id='word_1_156' title='bbox 189 2296 340 2371; x_wconf 86' lang='grc' dir='ltr'><strong><em>ἀδόυατα</em></strong></span> <span class='ocrx_word' id='word_1_157' title='bbox 356 2297 437 2372; x_wconf 78' lang='grc' dir='ltr'><strong><em>ὄντα</em></strong></span> <span class='ocrx_word' id='word_1_158' title='bbox 456 2304 493 2371; x_wconf 90' lang='grc' dir='ltr'><strong><em>έν</em></strong></span> <span class='ocrx_word' id='word_1_159' title='bbox 510 2302 603 2389; x_wconf 83' lang='grc' dir='ltr'><strong><em>φυγῇ</em></strong></span> <span class='ocrx_word' id='word_1_160' title='bbox 621 2300 800 2389; x_wconf 79' lang='grc' dir='ltr'><strong><em>φέρεσθαι,</em></strong></span> <span class='ocrx_word' id='word_1_161' title='bbox 819 2300 875 2368; x_wconf 82' lang='grc' dir='ltr'><strong><em>καλ</em></strong></span> <span class='ocrx_word' id='word_1_162' title='bbox 888 2327 1039 2390; x_wconf 89' lang='grc' dir='ltr'><strong><em>τραυμα-</em></strong></span> 
     </span>
     <span class='ocr_line' id='line_1_23' title="bbox 68 2397 1038 2491; baseline -0.002 -20"><span class='ocrx_word' id='word_1_163' title='bbox 68 2408 140 2484; x_wconf 92' lang='grc' dir='ltr'><strong><em>τίας</em></strong></span> <span class='ocrx_word' id='word_1_164' title='bbox 159 2399 369 2491; x_wconf 84' lang='grc' dir='ltr'><strong><em>λαμβάνουσι</em></strong></span> <span class='ocrx_word' id='word_1_165' title='bbox 386 2400 547 2489; x_wconf 82' lang='grc' dir='ltr'><strong><em>πολλούς,</em></strong></span> <span class='ocrx_word' id='word_1_166' title='bbox 571 2397 651 2483; x_wconf 79' lang='grc' dir='ltr'><strong><em>τούς</em></strong></span> <span class='ocrx_word' id='word_1_167' title='bbox 672 2400 736 2490; x_wconf 73' lang='grc' dir='ltr'><strong><em>μὲν</em></strong></span> <span class='ocrx_word' id='word_1_168' title='bbox 754 2403 792 2471; x_wconf 85' lang='grc' dir='ltr'><strong><em>έν</em></strong></span> <span class='ocrx_word' id='word_1_169' title='bbox 808 2415 882 2481; x_wconf 90' lang='grc' dir='ltr'><strong><em>ταῖς</em></strong></span> <span class='ocrx_word' id='word_1_170' title='bbox 899 2416 1038 2488; x_wconf 76' lang='grc' dir='ltr'><strong><em>σκηναῖς</em></strong></span> 
     </span>
     <span class='ocr_line' id='line_1_24' title="bbox 69 2497 1039 2594; baseline -0.002 -21"><span class='ocrx_word' id='word_1_171' title='bbox 69 2502 350 2594; x_wconf 79' lang='grc' dir='ltr'><strong><em>ἀπολειφθέντας,</em></strong></span> <span class='ocrx_word' id='word_1_172' title='bbox 369 2501 447 2585; x_wconf 78' lang='grc' dir='ltr'><strong><em>τούς</em></strong></span> <span class='ocrx_word' id='word_1_173' title='bbox 467 2504 503 2574; x_wconf 72' lang='grc' dir='ltr'><strong><em>δὲ</em></strong></span> <span class='ocrx_word' id='word_1_174' title='bbox 521 2499 586 2573; x_wconf 85' lang='grc' dir='ltr'><strong><em>ἀνά</em></strong></span> <span class='ocrx_word' id='word_1_175' title='bbox 600 2499 663 2590; x_wconf 86' lang='grc' dir='ltr'><strong><em>τῆν</em></strong></span> <span class='ocrx_word' id='word_1_176' title='bbox 675 2497 757 2574; x_wconf 84' lang='grc' dir='ltr'><strong><em>ὁδόν</em></strong></span> <span class='ocrx_word' id='word_1_177' title='bbox 769 2498 903 2573; x_wconf 78' lang='grc' dir='ltr'><strong><em>ἅπασαν</em></strong></span> <span class='ocrx_word' id='word_1_178' title='bbox 918 2504 1039 2592; x_wconf 86' lang='grc' dir='ltr'><strong><em>έστρω-’</em></strong></span> 
     </span>
     <span class='ocr_line' id='line_1_25' title="bbox 69 2600 1039 2696; baseline -0.003 -21"><span class='ocrx_word' id='word_1_179' title='bbox 69 2610 200 2694; x_wconf 83' lang='grc' dir='ltr'><strong><em>μένους.</em></strong></span> <span class='ocrx_word' id='word_1_180' title='bbox 237 2600 428 2694; x_wconf 83' lang='grc' dir='ltr'><strong><em>ἀντείχοντο</em></strong></span> <span class='ocrx_word' id='word_1_181' title='bbox 445 2603 509 2696; x_wconf 92' lang='grc' dir='ltr'><strong><em>γάρ</em></strong></span> <span class='ocrx_word' id='word_1_182' title='bbox 526 2631 616 2687; x_wconf 90' lang='grc' dir='ltr'><strong><em>τινες</em></strong></span> <span class='ocrx_word' id='word_1_183' title='bbox 634 2602 822 2694; x_wconf 79' lang='grc' dir='ltr'><strong><em>γλιχόμενοι</em></strong></span> <span class='ocrx_word' id='word_1_184' title='bbox 845 2606 905 2692; x_wconf 90' lang='grc' dir='ltr'><strong><em>τῆς</em></strong></span> <span class='ocrx_word' id='word_1_185' title='bbox 921 2608 1039 2673; x_wconf 87' lang='grc' dir='ltr'><strong><em>οίκαδε</em></strong></span> 
     </span>
     <span class='ocr_line' id='line_1_26' title="bbox 69 2703 1089 2797; baseline -0.003 -20"><span class='ocrx_word' id='word_1_186' title='bbox 69 2705 155 2777; x_wconf 74' lang='grc' dir='ltr'><strong><em>ὁδοῦ</em></strong></span> <span class='ocrx_word' id='word_1_187' title='bbox 171 2707 229 2776; x_wconf 80' lang='grc' dir='ltr'><strong><em>καὶ</em></strong></span> <span class='ocrx_word' id='word_1_188' title='bbox 243 2709 480 2796; x_wconf 86' lang='grc' dir='ltr'><strong><em>διεκαρτέρουν</em></strong></span> <span class='ocrx_word' id='word_1_189' title='bbox 492 2705 582 2797; x_wconf 81' lang='grc' dir='ltr'><strong><em>παρὰ</em></strong></span> <span class='ocrx_word' id='word_1_190' title='bbox 596 2703 744 2796; x_wconf 78' lang='grc' dir='ltr'><strong><em>δύναμιν</em></strong></span> <span class='ocrx_word' id='word_1_191' title='bbox 756 2704 1035 2794; x_wconf 77' lang='grc' dir='ltr'><strong><em>ἀκολουθοῦντες,</em></strong></span> <span class='ocrx_word' id='word_1_192' title='bbox 1054 2725 1089 2775; x_wconf 82' lang='lat'><strong><em>25</em></strong></span> 
     </span>
     <span class='ocr_line' id='line_1_27' title="bbox 72 2802 1038 2898; baseline 0 -20"><span class='ocrx_word' id='word_1_193' title='bbox 72 2808 141 2879; x_wconf 79' lang='grc' dir='ltr'><strong><em>εἶτα</em></strong></span> <span class='ocrx_word' id='word_1_194' title='bbox 158 2811 401 2898; x_wconf 82' lang='grc' dir='ltr'><strong><em>βαρυνομένων</em></strong></span> <span class='ocrx_word' id='word_1_195' title='bbox 418 2806 532 2891; x_wconf 83' lang='grc' dir='ltr'><strong><em>αὐτοῖς</em></strong></span> <span class='ocrx_word' id='word_1_196' title='bbox 549 2810 619 2878; x_wconf 79' lang='grc' dir='ltr'><strong><em>τάν</em></strong></span> <span class='ocrx_word' id='word_1_197' title='bbox 636 2812 747 2897; x_wconf 76' lang='grc' dir='ltr'><strong><em>μελῶν</em></strong></span> <span class='ocrx_word' id='word_1_198' title='bbox 763 2802 946 2897; x_wconf 76' lang='grc' dir='ltr'><strong><em>ἡμιθνῆτες</em></strong></span> <span class='ocrx_word' id='word_1_199' title='bbox 962 2835 1038 2878; x_wconf 90' lang='grc' dir='ltr'><strong><em>κατ·</em></strong></span> 
     </span>
     <span class='ocr_line' id='line_1_28' title="bbox 71 2904 1038 3000; baseline -0.002 -21"><span class='ocrx_word' id='word_1_200' title='bbox 71 2912 186 3000; x_wconf 87' lang='grc' dir='ltr'><strong><em>ε’ρρεον</em></strong></span> <span class='ocrx_word' id='word_1_201' title='bbox 205 2911 259 2979; x_wconf 79' lang='grc' dir='ltr'><strong><em>ἐπὶ</em></strong></span> <span class='ocrx_word' id='word_1_202' title='bbox 276 2906 339 2999; x_wconf 87' lang='grc' dir='ltr'><strong><em>τῆν</em></strong></span> <span class='ocrx_word' id='word_1_203' title='bbox 355 2912 435 2999; x_wconf 84' lang='grc' dir='ltr'><strong><em>γῆν·</em></strong></span> <span class='ocrx_word' id='word_1_204' title='bbox 470 2906 529 2992; x_wconf 75' lang='grc' dir='ltr'><strong><em>οὓς</em></strong></span> <span class='ocrx_word' id='word_1_205' title='bbox 547 2913 582 2978; x_wconf 79' lang='lat' dir='ltr'><strong><em>oc</em></strong></span> <span class='ocrx_word' id='word_1_206' title='bbox 591 2910 661 2978; x_wconf 77' lang='grc' dir='ltr'><strong><em>των</em></strong></span> <span class='ocrx_word' id='word_1_207' title='bbox 674 2904 844 2999; x_wconf 84' lang='grc' dir='ltr'><strong><em>Ῥωμαίων</em></strong></span> <span class='ocrx_word' id='word_1_208' title='bbox 858 2913 970 2989; x_wconf 81' lang='grc' dir='ltr'><strong><em>ἱππεῖς</em></strong></span> <span class='ocrx_word' id='word_1_209' title='bbox 983 2909 1038 2978; x_wconf 77' lang='grc' dir='ltr'><strong><em>ἐπὶ</em></strong></span> 
     </span>
     <span class='ocr_line' id='line_1_29' title="bbox 71 3005 1075 3102; baseline -0.003 -21"><span class='ocrx_word' id='word_1_210' title='bbox 71 3006 156 3081; x_wconf 73' lang='grc' dir='ltr'><strong><em>πολι)</em></strong></span> <span class='ocrx_word' id='word_1_211' title='bbox 179 3012 237 3098; x_wconf 88' lang='grc' dir='ltr'><strong><em>τῆς</em></strong></span> <span class='ocrx_word' id='word_1_212' title='bbox 260 3005 342 3081; x_wconf 80' lang='grc' dir='ltr'><strong><em>ὁδοῦ</em></strong></span> <span class='ocrx_word' id='word_1_213' title='bbox 358 3008 592 3102; x_wconf 84' lang='grc' dir='ltr'><strong><em>προελθόντες</em></strong></span> <span class='ocrx_word' id='word_1_214' title='bbox 615 3007 803 3081; x_wconf 86' lang='grc' dir='ltr'><strong><em>ἀνείλοντο·</em></strong></span> <span class='ocrx_word' id='word_1_215' title='bbox 839 3010 896 3078; x_wconf 81' lang='grc' dir='ltr'><strong><em>καὶ</em></strong></span> <span class='ocrx_word' id='word_1_216' title='bbox 924 3005 1039 3097; x_wconf 85' lang='grc' dir='ltr'><strong><em>έπειδῆ</em></strong></span> <span class='ocrx_word' id='word_1_217' title='bbox 1066 3046 1075 3063; x_wconf 87' lang='lat'><strong>·</strong></span> 
     </span>
     <span class='ocr_line' id='line_1_30' title="bbox 71 3102 1039 3208; baseline -0.004 -25"><span class='ocrx_word' id='word_1_218' title='bbox 71 3108 172 3183; x_wconf 74' lang='grc' dir='ltr'><strong><em>οὐδέν</em></strong></span> <span class='ocrx_word' id='word_1_219' title='bbox 197 3119 246 3183; x_wconf 79' lang='grc' dir='ltr'><strong><em>ἔτι</em></strong></span> <span class='ocrx_word' id='word_1_220' title='bbox 268 3114 427 3203; x_wconf 85' lang='grc' dir='ltr'><strong><em>πολέμιον</em></strong></span> <span class='ocrx_word' id='word_1_221' title='bbox 449 3102 494 3201; x_wconf 85' lang='grc' dir='ltr'><strong><em>ῆν</em></strong></span> <span class='ocrx_word' id='word_1_222' title='bbox 517 3108 719 3194; x_wconf 86' lang='grc' dir='ltr'><strong><em>καθελόντες</em></strong></span> <span class='ocrx_word' id='word_1_223' title='bbox 744 3109 782 3181; x_wconf 85' lang='grc' dir='ltr'><strong><em>τὸ</em></strong></span> <span class='ocrx_word' id='word_1_224' title='bbox 800 3106 965 3208; x_wconf 75' lang='grc' dir='ltr'><strong><em>φρούριον</em></strong></span> <span class='ocrx_word' id='word_1_225' title='bbox 982 3111 1039 3179; x_wconf 81' lang='grc' dir='ltr'><strong><em>καὶ</em></strong></span> 
     </span>
     <span class='ocr_line' id='line_1_31' title="bbox 71 3202 1090 3303; baseline -0.005 -18"><span class='ocrx_word' id='word_1_226' title='bbox 71 3212 109 3285; x_wconf 87' lang='grc' dir='ltr'><strong><em>τά</em></strong></span> <span class='ocrx_word' id='word_1_227' title='bbox 132 3212 270 3303; x_wconf 90' lang='grc' dir='ltr'><strong><em>λάφυρα</em></strong></span> <span class='ocrx_word' id='word_1_228' title='bbox 295 3211 432 3303; x_wconf 88' lang='grc' dir='ltr'><strong><em>άγοντες</em></strong></span> <span class='ocrx_word' id='word_1_229' title='bbox 457 3202 542 3303; x_wconf 90' lang='grc' dir='ltr'><strong><em>ῆκον</em></strong></span> <span class='ocrx_word' id='word_1_230' title='bbox 560 3220 608 3294; x_wconf 91' lang='grc' dir='ltr'><strong><em>είς</em></strong></span> <span class='ocrx_word' id='word_1_231' title='bbox 625 3216 688 3302; x_wconf 87' lang='grc' dir='ltr'><strong><em>τῆν</em></strong></span> <span class='ocrx_word' id='word_1_232' title='bbox 704 3210 820 3302; x_wconf 88' lang='grc' dir='ltr'><strong><em>πόλιν,</em></strong></span> <span class='ocrx_word' id='word_1_233' title='bbox 844 3211 885 3282; x_wconf 84' lang='grc' dir='ltr'><strong><em>τά</em></strong></span> <span class='ocrx_word' id='word_1_234' title='bbox 903 3210 1038 3301; x_wconf 79' lang='grc' dir='ltr'><strong><em>στόματα</em></strong></span> <span class='ocrx_word' id='word_1_235' title='bbox 1056 3230 1090 3281; x_wconf 84' lang='grc'><strong><em>30</em></strong></span> 
     </span>
     <span class='ocr_line' id='line_1_32' title="bbox 74 3308 1038 3406; baseline -0.004 -21"><span class='ocrx_word' id='word_1_236' title='bbox 74 3322 139 3386; x_wconf 78' lang='grc' dir='ltr'><strong><em>των</em></strong></span> <span class='ocrx_word' id='word_1_237' title='bbox 158 3318 196 3385; x_wconf 90' lang='grc' dir='ltr'><strong><em>έν</em></strong></span> <span class='ocrx_word' id='word_1_238' title='bbox 213 3319 255 3405; x_wconf 85' lang='grc' dir='ltr'><strong><em>τῆ</em></strong></span> <span class='ocrx_word' id='word_1_239' title='bbox 272 3313 362 3406; x_wconf 89' lang='grc' dir='ltr'><strong><em>μάχη</em></strong></span> <span class='ocrx_word' id='word_1_240' title='bbox 379 3312 654 3405; x_wconf 87' lang='grc' dir='ltr'><strong><em>τελευτησάντων</em></strong></span> <span class='ocrx_word' id='word_1_241' title='bbox 666 3321 881 3404; x_wconf 85' lang='grc' dir='ltr'><strong><em>κομίσαντες,</em></strong></span> <span class='ocrx_word' id='word_1_242' title='bbox 899 3308 1038 3403; x_wconf 85' lang='grc' dir='ltr'><strong><em>οίκτράυ</em></strong></span> 
     </span>
     <span class='ocr_line' id='line_1_33' title="bbox 74 3409 1039 3505; baseline 0 -19"><span class='ocrx_word' id='word_1_243' title='bbox 74 3414 150 3501; x_wconf 80' lang='grc' dir='ltr'><strong><em>ὄψιν</em></strong></span> <span class='ocrx_word' id='word_1_244' title='bbox 166 3413 272 3487; x_wconf 79' lang='grc' dir='ltr'><strong><em>ἅπασι</em></strong></span> <span class='ocrx_word' id='word_1_245' title='bbox 289 3434 360 3499; x_wconf 85' lang='grc' dir='ltr'><strong><em>τοῖς</em></strong></span> <span class='ocrx_word' id='word_1_246' title='bbox 377 3424 527 3499; x_wconf 90' lang='grc' dir='ltr'><strong><em>πολίταις</em></strong></span> <span class='ocrx_word' id='word_1_247' title='bbox 552 3413 609 3487; x_wconf 86' lang='grc' dir='ltr'><strong><em>διά</em></strong></span> <span class='ocrx_word' id='word_1_248' title='bbox 631 3413 761 3505; x_wconf 88' lang='grc' dir='ltr'><strong><em>πλῆθός</em></strong></span> <span class='ocrx_word' id='word_1_249' title='bbox 784 3443 819 3488; x_wconf 93' lang='grc' dir='ltr'><strong><em>τε</em></strong></span> <span class='ocrx_word' id='word_1_250' title='bbox 842 3415 898 3484; x_wconf 80' lang='grc' dir='ltr'><strong><em>καὶ</em></strong></span> <span class='ocrx_word' id='word_1_251' title='bbox 915 3409 1039 3504; x_wconf 89' lang='grc' dir='ltr'><strong><em>ἀρετῆυ</em></strong></span> 
     </span>
    </p>
   </div>
   <div class='ocr_carea' id='block_1_3' title="bbox 0 0 1208 3850">
    <p class='ocr_par' dir='ltr' id='par_1_6' title="bbox 0 0 1208 3850">
     <span class='ocr_line' id='line_1_34' title="bbox 0 0 1208 3850; baseline 0 0"><span class='ocrx_word' id='word_1_252' title='bbox 0 0 1208 3850; x_wconf 95' lang='lat' dir='ltr'><strong><em> </em></strong></span> 
     </span>
    </p>
   </div>
  </div>
 </body>
</html>
