2384 3850
208 2 283 30 ...ῖ--Ὶ
318 2 328 5 -v

172 68 178 78 ι

6 7 57 114 Ι
88 5 132 105 ΙΙΙ
235 99 237 104 .

6 121 13 143 :u

446 109 643 168 -Z-
979 110 1017 172 11

42 277 187 350 πτεόειν
204 277 348 369 ταραχάς
372 282 427 350 καὶ
447 278 687 362 ἐπαναστάσεις
705 284 741 351 ἐκ
758 285 826 352 των
843 289 1018 353 πλουσίων

43 389 95 462 εἰς
107 378 185 462 τούς
199 380 397 470 δημοτικοὺς
411 378 465 452 διά
477 379 739 471 τόνάναδασμὸν
750 387 808 471 τῆς
822 386 883 472 γῆς
892 386 948 453 καὶ
959 382 1018 464 τὰς

40 486 114 553 τῶν
133 488 280 553 δανείων
296 477 449 573 άφίσεις,
466 487 524 553 ἵνα
541 480 586 573 μὴ
605 485 732 572 γε’νοιτο
750 483 892 572 πόλεμος
911 483 1017 574 ἐμφά-

42 594 116 664 λιος
141 584 226 673 μηδὲ
243 581 342 672 φόνοι
365 587 528 655 πολιτικοὶ
549 591 632 672 μίαν
655 579 825 675 εὑρίσκειν
848 591 913 675 ἔφη
936 590 1019 676 πρὶν

43 693 96 766 είς
114 681 153 754 τά
171 683 265 756 δειυδι
284 689 399 756 ἐλθεῖν
415 683 584 775 φυλακήν,
605 691 636 755 εί
647 683 687 756 τά
700 682 786 755 ὅπλα
800 684 1018 776 προευεγκόν·
1052 711 1071 759 ο
1170 684 1175 706 ³

42 813 103 866 τες
122 790 158 856 ἐκ
175 790 243 856 τῶν
260 790 376 857 οίκιωυ
393 785 537 868 ἅπαντες
559 803 628 868 τοῖς
646 798 740 868 θεοῖς
758 785 1017 878 καθιερώσειαν,

43 893 104 957 ἵνα
122 885 206 957 κατά
223 890 291 958 των
309 891 436 970 ἔξωθεν
459 887 622 959 ἐπιόντων
639 896 808 977 πολεμίων
832 895 939 978 ἔχοιεν
957 885 1017 958 αύ-

41 1005 116 1070 τοῖς
133 983 214 1059 ὅταν
231 984 360 1078 άνάγκη
378 1016 427 1071 τις
445 988 616 1079 καταλάβῃ
634 992 780 1079 χρῆσθαι
798 988 916 1079 καὶμὴ
934 986 1016 1060 καθ’

43 1092 195 1178 ἑαυτῶν,
225 1101 358 1160 κεῖσθαι
384 1088 414 1159 δ’
443 1086 528 1163 αὐτοὶ
550 1093 633 1173 τέως
657 1089 746 1181 παρὰ
769 1106 839 1172 τοῖς
862 1103 957 1171 θεοῖς
982 1095 1019 1159 ἐν

43 1193 147 1283 καλῷ.
199 1186 257 1272 ὡς,
277 1191 314 1260 δέ
349 1193 404 1262 καί
439 1188 529 1263 τοῦτ’
562 1194 787 1281 ἐπείσθησαν,
823 1188 1019 1282 αὐθημερὸν
1037 1216 1071 1263 1ο
1181 1202 1182 1211 ’

41 1289 206 1361 ἁπάντων
231 1289 456 1381 παρελόμενος
478 1300 644 1383 Κυμαίων
665 1291 706 1362 τά
728 1289 816 1364 ὅπλα
841 1293 920 1384 [καὶ]
945 1311 1018 1374 ταῖς

45 1396 122 1481 ἑξῆς
146 1387 282 1483 ἡμέραις
307 1399 450 1483 ἔρευναν
473 1396 615 1465 ἐποιεῖτο
644 1400 713 1465 τῶν
736 1399 869 1483 οίκιων,
904 1399 941 1465 ἐν
964 1391 1018 1475 αἷς

42 1490 190 1574 πολλοὺς
213 1497 269 1564 καὶ
292 1489 442 1582 άγαθούς
459 1491 664 1575 άποκτείυας
687 1499 755 1565 των
777 1498 939 1580 πολιτῶν,
972 1494 1018 1575 ὡς

42 1593 108 1683 οὐχ
125 1590 256 1665 ἅπαντα
280 1612 350 1676 τοῖς
367 1607 461 1677 θεοῖς
483 1592 723 1680 ἀποδείξαντας
746 1595 787 1666 τά
811 1594 912 1682 ὅπλα,
936 1592 1019 1683 μετά

42 1699 152 1766 ταῦτα
181 1704 349 1784 φυλακαῖς
380 1699 468 1784 τρισὶ
499 1694 696 1788 κρατύνεται
722 1693 785 1786 τὴν
814 1701 1016 1785 τυραννίδα·
1037 1718 1071 1767 15

44 1787 98 1867 οἷν
115 1785 158 1885 ἦν
175 1803 235 1885 μία
251 1798 313 1887 μὲν
325 1801 361 1868 ἐκ
372 1802 441 1867 τῶν
454 1795 705 1890 ῥυπαρωτάτων
715 1825 752 1869 τε
766 1801 823 1869 καὶ
835 1795 1018 1887 πονηροτά-

7 1926 32 1975 ιο
43 1928 116 1970 των
134 1899 279 1970 πολιτοῖν
301 1898 380 1989 μεθ’
410 1890 459 1971 οἷν
475 1903 638 1971 κατέλυσε
663 1896 726 1989 τὴν
743 1895 1019 1991 ἀριστοκρατικὴν

44 2008 231 2088 πολιτείαν,
251 2003 347 2090 ἑτέρα
366 2001 404 2072 δέ
422 2004 458 2071 ἐκ
475 2005 544 2072 των
557 1998 791 2073 άνοσιωτάτων
809 2000 943 2073 δούλων
960 1997 1019 2083 οὓς

43 2100 150 2181 αὐτὸς
173 2096 409 2189 ἠλευθέρωσεν
432 2100 694 2184 ἀποκτείναντας
723 2101 800 2184 τούς
824 2098 938 2172 αὐτῶν
962 2109 1020 2171 δε-

45 2199 186 2288 σπότας,
198 2207 291 2289 τρίτη
306 2202 342 2270 δὲ
356 2200 565 2292 μισθοφόρος
581 2205 696 2272 ἐκτῶν
709 2201 924 2292 ἀγριωτάτων
937 2212 1018 2292 βαρ·
1036 2229 1072 2276 20

45 2300 182 2391 βάρωυ·
210 2292 301 2372 οὗτοι
326 2307 500 2393 δισχιλίων
523 2300 586 2372 οὐκ
611 2301 766 2383 ἐλάττους
789 2294 877 2387 ἦσαν
900 2306 956 2370 καὶ
979 2302 1020 2370 τὰ

45 2403 189 2494 πολέμια
212 2407 329 2496 μακρῷ
355 2408 423 2474 τῶν
446 2400 559 2472 άλλωυ
581 2400 749 2490 ἀμείνους.
797 2391 846 2471 οἷν
876 2401 913 2471 δὲ
936 2399 1021 2470 ιἰπέ-

45 2532 180 2576 κτειυεν
196 2501 333 2594 ἀνδροῖν
350 2503 408 2586 τὰς
427 2500 558 2583 εἰκόνας
575 2500 707 2573 άνελῶν
725 2505 762 2572 ἐκ
780 2500 903 2584 παντὸς
926 2506 1020 2593 ἱεροῦ

46 2608 105 2676 καὶ
128 2602 275 2693 βεβήλου
297 2603 419 2693 τόπου,
443 2607 559 2694 φέρωυ
583 2611 630 2685 είς
653 2600 731 2683 τούς
754 2602 875 2685 αὐτοὺς
898 2602 1021 2687 τόπους

46 2705 106 2788 τάς
126 2711 213 2786 ίδίας
231 2701 302 2777 ἄντ’
331 2710 471 2777 ἐκείνων
494 2703 694 2795 ἀνέστησεν·
722 2711 828 2787 οίκίας
853 2707 890 2776 δὲ
908 2704 1022 2776 αὐτοῖν
1037 2730 1072 2778 25

47 2809 105 2877 καὶ
124 2804 268 2898 κλήρους
286 2810 341 2877 καὶ
358 2805 421 2897 τὴν
438 2806 559 2896 λοιπὴν
575 2805 721 2897 ὕπαρξιν
737 2804 929 2895 άναλαβοίν,
951 2810 1021 2888 ἐξε-

46 2907 189 2997 λόμενος
201 2905 327 3000 χρυσόν
338 2910 394 2979 καί
406 2904 557 2998 άργυρου
569 2910 624 2979 καὶ
639 2918 673 2978 εί
681 2938 713 2979 τι
724 2906 805 2978 ἄλλο
818 2912 1020 2996 τυραννίδος

48 3000 92 3098 ἦν
111 3004 204 3091 άξιον
222 3013 340 3099 κτῆμα,
359 3009 399 3079 τδι
417 3007 516 3081 λοιπδι
529 3026 599 3092 τοῖς
612 3005 945 3097 συγκατασκευάσασι
958 3004 1021 3095 την

45 3107 159 3202 ἀρχὴν
171 3112 353 3199 ἐχαρίσατο·
368 3116 524 3189 πλείστας
539 3110 577 3180 δέ
584 3111 641 3179 καὶ
651 3116 807 3198 μεγίστας
816 3107 944 3196 δωρεάς
950 3125 1021 3187 τοῖς

46 3207 266 3281 ἀποκτείνασι
277 3209 354 3293 τούς
368 3213 497 3281 ἕαυτοῖυ
510 3209 672 3291 δεσπότας
685 3214 855 3282 ἐδίδουοί
865 3207 893 3279 δ
903 3207 1020 3297 ἠξίουν
1038 3233 1073 3282 ³0

49 3318 99 3381 ἔτι
111 3312 167 3379 καί
175 3314 563 3397 γυναιξὶτῶνδεσποτοὶν
576 3313 632 3381 καί
639 3309 827 3402 θυγατράσι
838 3327 1019 3381 συνοικεῖν.

131 3410 231 3481 Vllll.
257 3411 386 3485 Γευεδιν
406 3414 442 3484 δὲ
459 3416 527 3484 τοῖν
545 3414 807 3503 πεφονευμένων
823 3410 885 3500 τὴν
897 3407 1022 3500 ἄρρενα
