2384 3850
424 104 622 162 -Z—
954 102 1010 167 185

32 273 122 364 μετὰ
139 271 202 362 τήν
221 271 363 363 ἐκβολήν
384 278 454 346 τῶν
473 277 641 363 βασιλέων
664 274 778 356 στάσις
803 283 878 366 ἔσχε
895 275 1011 348 τοιαύ-

31 408 95 460 τας
116 383 224 458 αἰτίας
242 379 299 446 καλ
313 383 361 458 είς
374 381 471 448 τοῦτο
485 381 672 466 κατέσκηψε
689 375 726 449 τό
743 379 846 460 τέλος·
862 379 1010 470 ἐμήκυνα

34 481 75 550 δὲ
99 477 162 550 τόν
184 473 269 568 ὑπὲρ
293 477 405 550 αὐτῶν
430 477 530 568 λόγον
560 485 621 550 τοῦ
644 478 690 568 μή
718 507 794 551 τινα
822 481 1009 571 θαυμάσαι,

34 583 111 663 πῶς
143 575 328 671 ὑπέμειναν
363 587 398 651 ολ
418 589 586 674 πατρίκιοι
621 581 821 671 τηλικαύτης
857 585 1009 665 ἐξουσίας
1167 661 1170 666 ,

33 686 178 772 ποιῆσαι
195 681 254 753 τόν
272 687 380 773 δῆμον
396 682 527 775 κόριον,
546 682 625 754 οὔτε
639 688 770 773 σφαγῆς
783 688 851 754 τῶν
864 680 1010 776 ἀρίστων
1045 705 1062 756 5
1163 693 1164 696 ’

34 784 179 875 ἀνδρῶν
196 789 377 874 γενομένης
401 782 479 856 οὔτε
496 789 625 875 φυγῆς,
649 783 721 857 οἷον
740 791 777 856 ἐν
795 782 910 866 ἀλλαις
928 795 1011 856 πολ-

34 898 114 969 λαῖς
147 890 276 975 ἐγίνετο
307 886 432 957 πόλεσι.
477 899 582 960 ποθεῖ
609 883 684 976 γάρμ
702 891 839 969 ἕκαστος
864 890 917 958 ἐπὶ
943 904 1011 969 τοῖς

34 986 240 1079 παραδόξοις
271 985 457 1079 ἀκούσμασι
490 987 553 1077 τῆν
584 997 696 1060 αἰτίαν
730 1001 856 1079 μαθεῖν
885 991 941 1060 καὶ
973 990 1010 1059 τὸ

35 1090 159 1161 πιστὸν
178 1095 215 1162 ἐν
232 1088 338 1181 ταάτη
361 1099 493 1162 τίθεται
515 1090 613 1182 μόνη.
658 1089 852 1182 ἐλογιζόμην
876 1083 938 1162 οὖν
960 1089 1010 1162 ὅτι
1153 1161 1157 1172 ,,

36 1223 95 1283 μοι
120 1196 249 1263 πολλοῦ
273 1196 329 1263 καὶ
356 1199 416 1264 τοῦ
442 1191 566 1275 παντὸς
599 1193 712 1282 δεήσει
742 1191 857 1274 πιστὸς
881 1193 967 1264 εἶναι
992 1189 1063 1264 610
1151 1225 1157 1282 g

36 1293 156 1384 λόγος,
181 1300 213 1364 εί
228 1297 387 1366 τοσουτον
405 1302 491 1384 ἔφην
508 1293 636 1385 μόνον,
654 1293 705 1366 ὅτι
723 1299 878 1387 παρῆκαν
899 1300 934 1366 ολ
949 1321 1010 1366 πα·
1142 1287 1158 1300 ”

11 1404 164 1485 ῖτρίκιοι
180 1413 250 1478 τοῖς
269 1402 457 1487 δημοτικοῖς
479 1395 541 1487 τῆν
561 1400 692 1468 ἕαντῶν
711 1404 929 1484 δυναστείαν,
954 1401 1010 1467 καλ

38 1496 115 1582 ἐξόν
134 1495 247 1580 αὐτοῖς
267 1497 309 1569 ἐν’
321 1495 556 1591 ἀριστοκρατίᾳ
573 1498 810 1570 πολιτεύεσθαι
827 1496 886 1569 τὸν
905 1502 1011 1586 δῆμον

38 1604 204 1690 ἐποίησαν
228 1603 296 1671 τοῖν
320 1608 485 1690 μεγίστων
508 1598 644 1696 κόριον,
674 1595 720 1670 δι’
740 1596 779 1680 άς
805 1600 843 1669 δὲ
860 1619 1011 1688 συνεχω-

37 1701 133 1790 ρήθη
150 1698 245 1772 ταῦτ’
265 1709 373 1784 αίτίας
390 1704 589 1791 παρέλιπον·
621 1699 677 1772 διά
701 1705 799 1771 τοῦτο
826 1703 1010 1790 ἐπεξῆλθον
1030 1720 1061 1770 15
1142 1691 1155 1766 ἶ·

37 1801 181 1886 ἁπάσας.
212 1805 268 1873 καὶ
288 1803 403 1892 ἐπειδὴ
422 1800 483 1894 οὐχ
499 1801 614 1885 ὅπλοις
632 1802 796 1892 ἀλλήλους
815 1801 1011 1892 βιασάμενοι

37 1909 97 1977 καὶ
110 1904 457 1995 προσαναγκάσαντες,
476 1903 560 1976 ἀλλά
573 1904 683 1999 λόγοις
696 1903 872 1987 πείσαντες
885 1903 1011 1996 μεθήρ-

37 2029 165 2098 μοσαν,
195 2008 318 2089 παντὸς
346 2007 488 2097 μάλιστα
515 2007 701 2098 ἀναγκαῖον
723 2004 900 2099 ἡγησάμην
924 2009 1011 2080 εἶναι

36 2108 118 2193 τούς
137 2107 255 2198 λόγους
273 2107 386 2181 αὐτῶν
404 2108 674 2199 διεξελθεῖν,.οἷς
691 2109 765 2181 τότε
779 2117 814 2181 ολ
826 2107 1012 2182 δυναστεύ-

38 2236 161 2292 σαντες
186 2215 222 2281 ἐν
250 2214 416 2304 ἑκατέροις
441 2211 632 2302 ἐχρήσαντο.
677 2210 889 2301 θαυμάσαιμι
915 2208 946 2279 δ’
967 2206 1010 2280 ἀν
1029 2231 1063 2281 20

38 2324 73 2383 εί
90 2340 179 2393 τινες
196 2310 254 2396 τάς
272 2318 309 2384 ἐν
325 2329 395 2395 τοῖς
408 2317 563 2404 πολέμοις
577 2312 711 2403 πράξεις
725 2309 870 2401 ἀκριβῶς
884 2322 1011 2381 οῖονται

38 2422 118 2486 δεῖν
148 2410 374 2507 ἀναγράφειν,
406 2418 463 2485 καὶ
492 2417 568 2503 περὶ
597 2421 680 2504 μίαν
706 2419 796 2484 ἔστιν
825 2409 879 2482 ὅτε
902 2408 1011 2501 μάχην

38 2515 187 2596 πολλοὺς
210 2515 428 2588 ἀναλίσκουσι
453 2514 589 2604 λόγους,
617 2514 730 2586 τόπων
753 2544 788 2585 τε
812 2512 931 2603 φάσεις
955 2516 1011 2583 καὶ

36 2618 215 2707 ὁπλισμῶν
233 2617 399 2708 ἰδιότητας
417 2621 473 2688 καὶ
491 2617 617 2701 τάξεων
634 2615 777 2703 τρόπους
795 2618 850 2687 καὶ
869 2636 1011 2707 στρατη-

37 2724 111 2809 γεῖν
122 2718 346 2809 παρακλήσεις
359 2723 416 2790 καὶ
429 2718 470 2790 τά
478 2715 563 2789 ἀλλα
578 2717 754 2802 διεξιόντες
768 2716 831 2790 ὅσα
843 2722 901 2806 τῆς
915 2725 1010 2807 νίκης
1028 2738 1062 2788 25
1155 2718 1160 2797 Ῑ

38 2832 132 2891 αἴτια
149 2838 219 2903 τοῖς
238 2825 362 2912 ἑτέροις
381 2824 524 2911 ἐγένετο·
544 2819 714 2904 πολιτικάς
734 2822 772 2891 δὲ
789 2818 936 2908 κινήσεις
954 2822 1011 2889 καὶ

39 2922 176 3004 στάσεις
194 2921 446 3013 ἀναγράφοντες
464 2920 527 2993 οὐκ
544 2935 672 2993 οἴονται
697 2930 770 2994 δεῖν
788 2921 1011 3009 ἀπαγγίλλειυ

17 3024 119 3107 miss
142 3024 280 3115 λόγους,
312 3022 359 3096 δι’
387 3016 435 3095 σόν
465 3030 503 3094 αλ
529 3024 710 3115 παράδοξοι
737 3026 792 3093 ’καὶ
816 3023 1010 3111 θαυμασταὶ

40 3125 178 3217 πράξεις
196 3129 472 3216 ἐπετελέσθησαν.
510 3134 542 3197 εί
557 3125 621 3216 γάρ
639 3155 670 3196 τι
687 3127 744 3196 καὶ
761 3122 842 3194 ἀλλο
861 3127 918 3211 τῆς
931 3121 1010 3194 Ῥω·
1157 3206 1159 3209 ¹

41 3237 153 3320 μαίων
170 3227 297 3311 πόλεως
315 3231 399 3319 μέγα
418 3226 582 3319 ἐγκώμιόν
596 3232 665 3298 ἐστι
679 3229 734 3297 καὶ
749 3228 931 3315 ζηλοῦσθαι
943 3223 1009 3295 ὑπὸ
1028 3246 1061 3295 30
1151 3242 1158 3321 2}

41 3329 180 3402 πάντων
197 3327 392 3422 ἀνθρώπων
409 3328 512 3420 ἀξιον,
531 3329 667 3401 κάκεῖνο
686 3330 815 3417 ἐγένετο
833 3323 906 3397 κατ’
927 3323 1010 3415 ἐμῆν
1153 3334 1156 3343 ’

44 3432 146 3517 δόξαν
162 3432 200 3504 τὸ
218 3440 336 3526 ἔργον,
362 3435 491 3524 μάλλον
515 3433 553 3503 δὲ
571 3431 658 3522 ὑπὲρ
675 3426 807 3501 ἅπαντα
830 3423 936 3498 πολλὰ
954 3428 1011 3494 καὶ

981 3718 1013 3788 λ
