2384 3850
401 59 673 168 ἐτ-
1007 99 1049 163 53

69 276 209 356 εἰπεῖν,
245 265 344 338 ποῖόν
368 267 440 338 ποτ’
474 265 518 340 ἀν
545 267 629 361 ὑμῖν
658 275 805 361 παρέστη
834 272 916 362 πρὸς
946 271 1050 345 αὐτόν

68 369 201 453 πάθος.

157 472 354 542 XXXXllH.
387 470 452 555 Τάς
469 473 533 562 γὰρ
550 469 635 566 ὑπὲρ
653 479 712 566 τῆς
729 469 885 564 ὁμονοίας
907 481 948 568 τῇ
966 485 1051 565 βου·

68 580 118 666 λῇ
138 572 320 665 ἀκινήτους
337 574 514 665 ὁμολογίας
537 578 594 645 καὶ
612 573 716 665 μόνον
733 573 795 648 ούκ
812 577 1048 667 ἀδαμαντίνοις

70 685 218 766 δεσμοῖς
235 677 504 766 ἠσφαλισμένας,
528 673 567 759 ἀς
585 677 663 749 ούτε
683 677 766 767 ύμῖν
782 697 852 762 τοῖς
876 679 1049 769 όμωμοκό-
1083 705 1100 752 5

70 801 136 852 σιν
153 777 232 850 ου”τε
249 798 319 861 τοῖς
337 785 369 863 ἐξ
383 777 481 865 ὑμῶν
498 783 667 869 ἐσομένοις
685 779 863 853 καταλύειν
876 785 973 872 θέμις
988 787 1049 863 ἕως

71 877 121 951 ἀν
140 879 162 969 ή
182 880 277 962 πόλις
294 879 356 969 ήδε
373 884 519 969 οἰκῆται,
544 886 674 970 πρώτος
693 888 885 972 ἐπεχείρησε
903 882 998 954 λύειν
1017 887 1048 966 ἐξ

71 981 177 1072 ὑμών
194 981 307 1054 οὑτοσὶ
328 980 481 1074 Μάρκιος
503 978 596 1053 οόπω
611 987 777 1073 τέταρτον
794 993 864 1067 έτος
884 989 916 1070 ἐξ
934 977 974 1057 ού
991 1013 1049 1074 γε·

72 1087 276 1174 γενημένας,
295 1081 336 1156 ού
354 1089 432 1175 σιγή
449 1082 604 1175 πράττων
617 1083 678 1174 τήν
693 1081 886 1174 κατάλυσιν,
904 1083 980 1159 οὐδ’
1001 1094 1048 1168 είς

73 1185 209 1275 ἀφανές
231 1214 298 1256 που
329 1182 474 1267 καταδύς
496 1193 640 1277 χωρίον,
675 1184 751 1258 ἀλλ’
783 1186 981 1279 ἀναφανδὸν
1013 1193 1050 1260 ἐν
1067 1212 1100 1260 10

72 1292 168 1380 τῷδε
185 1291 232 1381 τῷ
248 1287 339 1381 τόπῳ
358 1291 494 1360 πάντων
510 1288 688 1378 παρόντων
704 1285 800 1380 ύμών
817 1289 955 1380 γνώμην
968 1289 1049 1361 ἀπο·

3 1411 68 1460 ι407
82 1388 296 1479 φηνάμενος,
315 1388 361 1470 ώς
378 1389 440 1481 χρή
458 1388 520 1478 τήν
538 1382 744 1481 δημαρχικόν
762 1395 917 1475 ἐξουσίαν
933 1396 1050 1482 μηκέτι

77 1508 272 1583 συγχωρεῖν
295 1490 396 1582 ήμῑν,
419 1488 495 1563 ἀλλ’
520 1491 672 1579 ἀνελεῖν,
699 1484 721 1582 ή
745 1493 859 1584 πρώτη
883 1496 939 1564 καὶ
962 1492 1049 1584 μόνη

76 1599 139 1680 της
167 1598 362 1684 ἐλευθερίας
392 1598 528 1684 φυλακή
553 1593 791 1675 πιστεύσαντες
821 1594 1049 1684 ἐποιησάμεθα

77 1693 140 1776 τὰς
158 1695 335 1792 διαλύσεις.
363 1700 419 1766 καὶ
437 1693 500 1768 οὐκ
519 1699 668 1768 ἐνταῦθα
681 1702 758 1784 έστη
771 1699 830 1784 τῆς
843 1691 1048 1784 ἀλαζονείας,
1068 1717 1101 1764 15

79 1794 156 1867 ἀλλ’
177 1795 278 1888 ύβριυ
295 1796 357 1888 τήν
376 1802 575 1887 ἐλευθερίαν
591 1802 660 1868 τών
677 1797 830 1887 πενήτων
852 1801 908 1868 καὶ
925 1826 1050 1886 τυραν-

79 1905 164 1971 νίδα
185 1898 247 1989 τήν
272 1907 446 1990 ἰσηγορίαν
469 1897 657 1990 ὀνομάζων,
692 1895 878 1989 ἀφελέσθαι
907 1898 1050 1991 παρῄνει

79 2000 209 2089 ταύτην
221 1997 312 2092 ύμῖν.
346 1998 365 2073 δ
382 2004 420 2073 δέ
438 2002 575 2075 πάντων
591 2000 815 2074 ἀνοσιώτατον
831 1994 875 2091 ήν
892 2006 961 2074 τών
976 2001 1050 2073 τότε
1167 2078 1170 2085 ,

79 2102 292 2176 ὑπὸτούτου
314 2102 545 2194 ἀξιωθέντων,
569 2100 824 2194 ἀναμνήσθητε,
849 2096 875 2173 ώ
899 2108 1049 2192 πατέρες,

81 2203 139 2276 ὅτε
168 2200 333 2293 ἀπέφαινε
363 2203 467 2277 καλόν
498 2207 586 2276 εἷναι
616 2205 734 2295 καιρὸν
757 2205 1050 2295 ἀπομνημονεῦσαι
1068 2222 1105 2271 20

82 2304 167 2395 πρός
197 2306 233 2376 τὸ
259 2307 438 2397 δημοτικὸν
467 2304 597 2387 άπάσας
624 2307 681 2387 τὰς
713 2310 766 2376 ἐπὶ
789 2325 858 2387 τοῖς
881 2313 1051 2396 προτέροις

84 2406 288 2497 ἐγκλήμασιν
304 2406 417 2498 ὀργάς,
435 2412 491 2479 καλ
510 2407 654 2499 παρήνει
670 2411 747 2496 νύν,
762 2411 798 2477 ἐν
812 2398 1054 2499 ᾦτετρύχωταί

83 2538 122 2580 τε
138 2505 197 2578 ὑπ’
216 2506 419 2602 ἀχρηματίας
437 2513 493 2581 καὶ
516 2510 624 2579 πολὺν
647 2506 713 2597 ήδη
731 2507 853 2599 χρόνον
874 2512 933 2596 τής
950 2506 1053 2595 ἀναγ·

85 2619 184 2682 καίου
212 2620 404 2697 σπανίζεται
438 2616 581 2702 τροφῆς,
613 2609 725 2702 [ώστεξ
752 2608 843 2681 ἅπαν
873 2608 952 2683 αὐτὸ
980 2614 1053 2680 ἐπι-

85 2728 218 2801 τρῖψαι,
252 2713 531 2803 διακατασχόντας
555 2715 609 2783 ἐπὶ
632 2717 690 2800 τῆς
709 2710 810 2802 αύτής
827 2711 968 2802 ἀπορίας
985 2716 1052 2782 τών
1070 2729 1108 2779 25
1151 2738 1153 2743 ¹

87 2818 287 2937 ἐπιτηδείων
310 2814 372 2904 τήν
394 2813 529 2904 ἀγοράν.
575 2812 616 2885 ού
634 2817 698 2902 γὰρ
722 2814 878 2898 ἀνθέξειν
894 2812 980 2904 ήμάς
999 2816 1053 2883 ἐπὶ

87 2913 197 2985 πολύν
213 2913 336 3005 χρόνον
352 2912 449 3005 ὀλίγα
467 2924 555 2986 σιτία
573 2913 743 2987 πολλού’
718 2921 930 3045 κινουμένους
948 2912 1054 3003 ἀργυ-

90 3024 165 3104 ρίου
182 3020 325 3117 πένητας
343 3016 564 3117 ἀνθρώπους,
581 3015 667 3087 ἀλλά
684 3017 761 3099 τούς
778 3047 841 3104 μεν
857 3014 1055 3105 οἰχήσεσθαι

8 3140 79 3190 1408
89 3146 150 3204 την
173 3117 271 3188 πόλιν
295 3109 571 3207 ἐκλείπουτας,”
552 3141 626 3189 οσοι
653 3115 730 3188 δ”’
711 3148 753 3188 αν
776 3114 984 3207 ὑπομείνωσι
1007 3120 1054 3208 τρο

89 3220 418 3313 κακοδαιμονεστάτῳ
443 3219 741 3309 διαφθαρήσεσθαι
763 3224 832 3290 τών
848 3218 979 3309 μόρων,
1003 3228 1055 3287 λι-
1072 3238 1109 3287 εο

89 3348 179 3412 μφ.
198 3319 303 3403 οὕτως
334 3320 423 3391 δδ”
400 3350 465 3408 αρα
488 3318 692 3414 παρεφρόνει
720 3324 775 3390 καὶ
798 3318 988 3409 θεοβλαβής
1011 3309 1055 3407 ήν

89 3425 192 3494 ταῦτα
209 3429 341 3493 πείθων
360 3419 462 3512 ὑμᾶς,
489 3420 575 3494 ώστε
592 3420 668 3493 οὐδ’
691 3426 798 3493 ἐκεῖνο
821 3418 979 3508 ἠδυνήθη
997 3447 1055 3487 κα·
