2384 3850
422 31 658 131 ,ΛΙ-

63 241 223 327 δεξιάνὸ
247 241 373 324 Τύλλος
389 243 445 312 καὶ
464 238 528 311 ἀπό
546 245 604 330 τῆς
623 245 733 324 ἑστίας
750 239 937 332 ἀναστήσας
955 255 1041 335 θαρ-
1111 279 1114 286 ’

64 361 148 435 ρεῖν
164 371 200 414 τε
218 339 321 415 αὐτὸν
340 346 525 431 ε’κέλενσεν,
545 339 589 425 ὦς
607 345 713 433 μηδὲν
731 339 867 428 ἀνάξιον
878 349 936 434 τῆς
952 350 1041 428 ίδίας

65 442 192 537 άρετής
210 442 409 535 πεισόμενον
432 447 486 514 καλ
505 443 629 526 πολλάς
652 443 743 538 αὐτῷ
761 443 895 537 χάριτας
914 450 1041 516 εἰδέναι

65 551 132 636 τῆς
150 544 232 635 πρός
252 545 373 617 ἑαυτὸν
389 543 533 636 ἀφίξεως
551 553 634 636 ἔφη,
652 548 751 636 τιμήν
767 576 843 617 τινα
860 543 900 616 οὐ
918 545 1041 638 μικράν

70 648 164 719 εἶναι
186 650 242 718 καὶ
264 647 390 736 ταύτην
419 644 702 737 ἀποφαινόμενος·
739 645 973 730 Οὐολούσκους
1003 676 1041 718 τε
1075 672 1092 722 5

67 746 168 843 αὐτῷ
184 748 311 830 πάντας
328 745 520 839 ὑπισχνεῖτο
544 747 697 838 ποιήσειν
714 759 835 838 φίλους
857 747 1041 838 ἀρξάμενος

67 849 138 920 ἀπὸ
161 855 219 939 τῆς
244 854 366 920 ἑαυτοῦ
390 857 564 938 πατρίδος·
597 853 654 920 καὶ
684 849 846 939 οὐδεμίαν
877 849 1041 936 ἐψεύσατο

66 955 142 1022 των
158 947 380 1041 ὑποσχέσεων.
426 950 549 1040 χρόνον
573 953 613 1021 δέ
627 981 718 1034 τινος
743 949 784 1022 οὐ
807 951 933 1022 πολλού
950 958 1042 1022 διελ-

69 1049 195 1132 θόντος
212 1055 469 1142 βουλευομένοις
485 1069 554 1134 τοῖς
571 1049 716 1144 ἀνδράσι
733 1052 815 1124 κατά
828 1057 927 1143 σφᾶς,
943 1064 1040 1144 Μαρ-

67 1161 136 1246 κίῳ
153 1182 190 1224 τε
207 1157 263 1225 καὶ
282 1152 412 1248 Τύλλῳ,
430 1169 539 1224 κινεῖν
558 1153 666 1225 έδόκει
683 1155 742 1226 τὸν
759 1153 913 1246 πόλεμον.
941 1153 959 1225 ὁ
977 1155 1041 1244 μέν
1060 1178 1092 1226 10

67 1245 136 1326 οὐν
159 1254 284 1336 Τύλλος
309 1251 428 1325 αὐτίκα
450 1251 538 1344 μάλα
562 1255 717 1344 ἐβούλετο
741 1261 853 1330 πάσαν
870 1254 932 1345 τήν
951 1252 1042 1326 Οὐο-
1088 1273 1090 1278 ’

68 1355 227 1427 λούσκων
245 1355 391 1445 δύναμιν
409 1356 614 1444 παραλαβὼν
628 1360 682 1428 ἐπὶ
694 1355 756 1447 τήν
764 1356 892 1447 Ῥοίμην
904 1373 1039 1446 χωρεῖν,

68 1462 136 1537 ἕως
156 1459 326 1541 ἐστασίαζέ
339 1485 375 1526 τε
388 1459 444 1543 καὶ
457 1453 623 1546 ἡγεμόνας
636 1457 919 1547 ἀπειροπολέμους
934 1459 1039 1547 εἶχεν·

68 1557 150 1629 ὅδὲ
168 1559 319 1650 Μάρκιος
343 1565 453 1628 αἰτίαν
476 1562 609 1647 πρωτον
632 1555 713 1651 ῳέτο
739 1565 813 1629 δεῖν
837 1556 962 1645 εὐσεβῆ
984 1559 1041 1626 καί

70 1667 210 1732 δικαίαν
237 1656 462 1747 ἐνστήσασθαι
488 1663 549 1729 τού
577 1663 742 1748 πολέμου,
776 1657 962 1746 διδάσκων,
995 1654 1040 1740 οἱς
1060 1681 1091 1730 15

69 1756 218 1842 άπάσαις
242 1763 304 1850 μέν
322 1758 461 1851 πράξεσι
485 1763 561 1831 θεολ
584 1759 874 1850 συλλαμβάνουσι,
898 1758 1040 1849 μάλιστα
1186 1835 1187 1844 ,

70 1863 112 1933 δὲ
129 1877 202 1945 ταῖς
220 1861 303 1933 κατά
321 1863 502 1952 πολέμους,
526 1860 594 1956 ὅσῳ
613 1870 742 1952 μείζους
760 1864 798 1933 τέ
815 1869 877 1932 εἰσι
895 1865 963 1932 των
980 1859 1042 1931 ἀλ·
1152 1887 1154 1892 ·
1186 1855 1187 1881 ’

70 1974 144 2035 λων
167 1966 223 2033 καὶ
253 1972 300 2045 είς
323 1960 467 2052 ἀδήλους
497 1968 634 2053 φιλοῦσι
664 1963 906 2055 κατασκήπτειν
929 1962 1039 2054 τύχας.

8 2081 60 2129 ,σοῖ
71 2063 258 2154 ἐτύγχανον
277 2067 314 2135 δέ
331 2063 404 2135 τότε
417 2059 585 2154 Ῥωμαίοις
603 2068 659 2135 καὶ
675 2065 900 2147 Οὐολούσκοις
918 2069 1042 2155 έκεχει-
1185 2156 1186 2163 ¹

70 2172 145 2256 ρίαι
169 2169 231 2237 τού
252 2169 399 2254 πολέμου
422 2167 478 2235 καλ
502 2164 621 2256 ἀνοχαὶ
649 2164 730 2256 πρὸς
754 2165 918 2257 ἀλλήλους
942 2157 1039 2236 οὐσαι
1058 2190 1092 2238 νο
1185 2206 1186 2225 1

71 2273 223 2338 σπονδαί
239 2296 275 2337 τε
294 2274 413 2349 διετεῖς
430 2263 533 2360 ὀλίγῳ
551 2267 716 2359 πρότερον
730 2267 838 2360 χρόνῳ
852 2266 1040 2355 γενόμεναι.

67 2367 152 2464 Ἐάν
168 2370 230 2457 ph
246 2360 308 2439 οὐν
325 2366 586 2459 ἀπερισκέπτως,
606 2376 682 2457 ἔφη,
702 2369 757 2437 καλ
777 2367 832 2437 διά
843 2367 969 2455 Ιτάχους
983 2366 1043 2437 τόν

71 2469 223 2558 πόλεμον
240 2473 417 2559 ἐπιφέρῃς,
438 2472 499 2539 τού
515 2472 678 2541 λελύσθαι
696 2467 753 2551 τάς
771 2467 920 2549 σπονδάς
939 2479 1043 2549 αῖτιος

73 2578 136 2661 έση
155 2570 265 2642 καὶτὸ
290 2570 463 2660 δαιμόνιον
484 2566 545 2659 οὐχ
564 2573 648 2653 ἕξεις
671 2568 821 2659 εὐμενές·
850 2567 908 2640 έάν
926 2570 963 2639 δέ
981 2595 1044 2639 πε-

72 2678 244 2763 ριμείνης,
275 2676 336 2755 ἕως
359 2677 481 2741 ἐκεῖνοι
505 2676 603 2742 τοῦτο
626 2670 827 2761 ποιήσωσιν,
851 2666 1040 2762 ἀμύνεσθαι
1060 2694 1095 2744 ιο

74 2772 186 2857 δόξεις
204 2775 260 2843 καὶ
277 2775 473 2862 λελυμέναις
491 2789 563 2854 ταῖς
581 2779 743 2855 σπονδαῖς
761 2780 912 2863 βοηθεῖν.
952 2769 1044 2854 ὅπως

73 2874 107 2944 δ’
129 2869 174 2947 άν
191 2880 287 2945 τοῦτο
305 2878 444 2963 γένοιτο,
463 2876 519 2943 καὶ
536 2872 626 2955 ὅπως
640 2869 683 2945 ἀν
697 2878 817 2946 ἐκεῖνοι
831 2875 893 2964 μέν
906 2872 1044 2961 ἀρξειαν

73 2983 346 3065 παρασπονδεῖν,
370 2973 465 3066 ήμεῖς
485 2977 522 3044 δὲ
541 2975 697 3066 δόξαιμεν
721 2974 815 3047 ὅσιον
837 2977 893 3044 καὶ
911 2980 1043 3044 δίκαιον

76 3080 251 3164 ἐπιφέρειν
281 3075 339 3147 τὸν
374 3074 536 3164 πόλεμον,
569 3077 633 3166 έγώ
658 3075 722 3147 σὺν
750 3080 858 3165 πολλῇ
885 3081 1042 3163 φροντίδι

75 3176 256 3266 ἀνεύρηκα.
303 3185 357 3249 δεῖ
374 3178 410 3247 δὲ
428 3173 490 3265 ὐφ’
509 3173 605 3268 ἡμων
628 3175 750 3259 αὐτούς
775 3180 1042 3265 ἐξαπατηθέντας
1060 3197 1103 3247 3ο

76 3276 174 3367 ἄρξαι
196 3284 255 3367 τῆς
277 3287 495 3371 παρανομίας.
540 3274 557 3347 ὁ
584 3280 620 3348 δὲ
642 3277 762 3366 τρόπος
786 3283 843 3368 της
869 3275 1042 3365 ἐξαπάτης,

76 3376 119 3450 όν
143 3378 212 3468 έγοδΙ
229 3384 311 3463 τέως
341 3381 402 3470 μέν
427 3376 621 3470 ἀπόρρητον
652 3377 836 3467 ἐφύλαττον
867 3378 1045 3466 ἀναμένων
