2384 3850
134 119 198 187 ωε
519 119 714 179 -ο-

123 291 230 387 ἀγορᾷ
253 299 320 364 τεόν
345 290 444 374 είς
410 321 470 364 τον
487 300 525 382 βί
525 321 564 364 ον
587 289 837 380 ἀναγκαίωνχ
801 291 818 360 ἐ
816 295 963 411 χρῶντο,
988 290 1026 358 ἐκ
1043 300 1115 359 θα·
1188 300 1189 377 f

125 394 243 486 λάττης
260 423 296 466 τε
314 397 371 466 καλ
389 393 444 465 διὰ
462 400 653 486 λῃστηρίων
674 389 734 477 τάς
758 387 882 472 πολλός
907 386 1116 478 ἐπαγόμενοι

129 494 302 587 ἀφελείας.
356 494 554 588 ἀνδράποδα
571 484 692 586 μὲν
650 523 713 566 ουν
730 494 787 564 καὶ
804 490 954 584 χρήματα
972 492 1030 560 καὶ
1048 497 1114 578 βο-
1188 562 1189 565 ,

127 596 279 689 σκήματα
309 599 365 669 καὶ
395 596 473 725 τούς
503 594 703 721 ἐμπορικοὺς
739 591 885 715 φόρτομς
914 587 936 681 6
969 589 1114 682 στρατια
1172 607 1189 661 ἰ

93 697 338 826 δσυχχωρήσει
360 702 422 771 τοῦ
442 697 573 770 ὑπάτου
603 695 782 786 διήρπασε·
816 688 915 765 τόδ’
942 690 1114 784 ἐλεύθερα

127 801 281 893 σοι’ματα,
308 799 415 872 ὁπόσα
439 798 484 924 μή
507 798 525 870 ὁ
549 798 691 889 πόλεμος
722 804 813 920 ἔφθη
843 795 1112 887 διειργασμένος,

128 900 239 974 ἐπὶ
206 932 243 975 το
267 900 527 994 λαφυροπώλιον
550 897 696 992 ἀπήχθη.
750 895 952 988 ἐλήφθησαν
983 897 1021 967 δὲ
1052 899 1113 966 καὶ

128 1011 206 1094 νήες
228 1007 303 1075 των
315 1002 498 1076 Ἀντιατῶν
522 1015 627 1075 είκοσι
650 1003 707 1072 καί
727 997 790 1073 δύο
807 1001 931 1090 μακραί
948 1001 1006 1068 καλ
1022 995 1113 1069 ἀλλα

127 1107 216 1187 νεων
238 1103 324 1174 ὅπλα
346 1132 383 1175 τε
406 1107 463 1175 καὶ
485 1109 703 1197 παρασκευαί.
761 1097 844 1192 μετά
865 1106 970 1170 ταῦτα
988 1097 1189 1171 nem-190⁰}

78 1221 111 1271 10
124 1227 248 1286 ’σαντος
270 1212 330 1276 τοῦ
359 1201 490 1278 όπάτον
513 1203 571 1288 τάς
594 1234 632 1278 τε
657 1209 763 1287 οίκίας
793 1206 1047 1293 ἐνεπίμπρασαν
1076 1207 1115 1272 oc

122 1305 276 1397 Ῥωμαῖοι
290 1307 439 1392 καὶτοὺς
458 1314 660 1390 νεωσοίκους
677 1308 905 1377 κατέσκαπτον
918 1305 975 1374 καλ
988 1301 1026 1374 τὸ
1039 1319 1113 1374 τεί-
1188 1338 1189 1377 ι

128 1438 185 1499 χος
215 1405 355 1500 ἤρειπον
386 1412 423 1480 ἐκ
447 1415 632 1500 θεμελίων·
664 1405 750 1478 ὥστε
779 1401 861 1496 μηδ’
886 1401 1112 1476 ἀπελθόντων
1188 1430 1189 1465 1

128 1513 229 1601 σφων
244 1509 390 1604 χρηστὸν
407 1518 456 1583 ἔτι
473 1527 542 1593 τοῖς
556 1507 740 1591 Ἀντιάταις
758 1506 900 1580 εἶναι
867 1535 905 1578 το
931 1503 1110 1633 φρούριον.

128 1609 233 1683 ταῦτά
255 1639 291 1683 τε
315 1611 358 1702 δή
385 1610 537 1706 ἐπράχθη
564 1613 667 1736 χωρίς
692 1613 838 1704 ἕκατίρφ
866 1637 935 1680 των
956 1604 1111 1697 δπάτων,
1188 1662 1189 1669 1

80 1726 112 1776 15
131 1716 186 1835 κμλ
163 1709 400 1832 ἀμφοτέροις
420 1720 467 1786 ἔτι
485 1711 581 1804 κοινή
604 1718 759 1805 στρατεία
781 1726 851 1795 τοῖς
869 1705 1035 1802 ἀνδράσιν
1053 1712 1111 1780 ἐπὶ

126 1793 189 1904 τήν
212 1821 374 1903 Σαβίνων
395 1821 476 1908 γῆν,
508 1811 550 1907 ἢν
575 1809 807 1940 δηοόσαντες’
789 1818 921 1902 απήγον
939 1806 993 1881 ἐπ’
1012 1820 1111 1881 οίκου

127 1914 190 2005 τήν
208 1914 369 2007 δύναμιν,
394 1912 486 1989 μαλ’
469 1948 488 1989 ο
506 1906 716 2000 ἐνιαυτός
673 1945 771 1999 ουτος
789 1911 951 1987 ἐτελεύτα.

204 2017 304 2087 LVII.
338 2015 444 2112 6636
465 2022 540 2109 ἑξής
558 2026 625 2091 ἔτει
647 2026 747 2090 Τίτου
764 2023 927 2088 Κοιντίου
943 2024 1109 2085 Καπετω-

128 2124 225 2242 λίνομ
248 2120 305 2188 καὶ
328 2094 395 2189 Κόί
394 2148 475 2191 ντου
499 2126 700 2212 Σερουιλίου
722 2127 877 2211 Πρίσκου
899 2115 962 2207 τήν
977 2114 1109 2187 ὕπατον
1188 2199 1189 2204 ¹

79 2231 112 2280 20
130 2216 236 2311 ἀρχήν
254 2219 526 2345 παρειληφότων,
557 2218 579 2311 6
601 2250 638 2292 τε
654 2227 763 2292 οίκεία
781 2218 924 2310 δύναμις
936 2217 1109 2308 Ρωμαίων
1188 2235 1189 2272 ι

129 2318 242 2393 ἀπασα
261 2326 298 2394 ίν
314 2339 383 2405 τοῖς
401 2320 514 2405 ὅπλοις
532 2312 592 2413 ήν,
619 2314 736 2394 καί
699 2351 740 2394 τα
758 2316 949 2412 συμμαχιιιά
969 2318 1190 2397 δκοόσια.

129 2431 258 2546 παρήυ,
286 2426 369 2516 πρὶν
397 2420 647 2513 ἐπαγγελθῆναι
672 2422 785 2506 αὐτοίς
808 2427 994 2514 στρατείαν.
1049 2369 1190 2510 66219016

35 2543 38 2548 '
127 2522 211 2615 μετά
233 2528 331 2596 τοῦτο
357 2522 457 2648 ⁶6669
479 2553 515 2595 τε
532 2523 753 2649 πριησάμενρι
769 2541 839 2607 τοίς
848 2536 950 2603 θεοῖς
967 2519 1040 2593 οί”
1016 2547 1108 2591 υπα-
1188 2545 1189 2564 ³

131 2655 181 2696 τοι
218 2628 273 2696 καλ
298 2624 507 2718 καθήραντες
530 2625 589 2699 τόν
613 2625 757 2717 στρατόν
785 2624 927 2751 ίξήεσαν
950 2624 1006 2694 ἐπὶ
1029 2650 1106 2705 τους
1188 2633 1189 2640 ’

75 2747 112 2797 25
130 2733 252 2815 πολεμί
250 2754 317 2808 ους.
371 2728 579 2815 Σαβίνοιδ
538 2758 561 2821 μ
580 2759 601 2799 ν
618 2719 708 2857 066,
722 2724 778 2818 ἐφ’
797 2723 856 2810 οδς
873 2756 891 2797 ο
878 2724 1106 2814 Σερουίλιος
1188 2757 1189 2800 1

129 2825 266 2917 ήλασεν,
285 2824 344 2897 οότ
348 2822 425 2908 ἐίς
441 2825 550 2918 μάχην
568 2831 785 2919 κατέστησαν,
803 2825 863 2899 οόι
868 2823 1042 2916 ’ἐξῆλθον
1059 2831 1107 2907 είς

130 2927 192 3017 τήν
209 2927 396 3022 ὕπαιθρον
422 2926 632 3053 μίνυντεςδ
654 2933 690 3001 ἐν
707 2948 777 3012 τοῖς
793 2934 986 3021 φρουρίοις,
1011 2923 1104 3019 ήνεί-
1186 2952 1190 2977 ·

130 3058 228 3119 χοντο
251 3037 312 3120 γής
334 3060 370 3101 τε
388 3026 502 3113 αὐτοῖς
520 3035 760 3121 ἐκτεμνομίνης
777 3032 886 3101 καλί
850 3058 869 3100 ο
871 3033 969 3101 ίκιῶν
986 3031 1106 3117 ἐμπιμ-

130 3134 311 3223 πραμένων
336 3140 519 3224 θεραπείας
544 3161 580 3203 τε
613 3128 876 3222 αὐτομολούσης·
909 3126 995 3201 ὥστε
1024 3125 1108 3199 κατὰ
1188 3177 1189 3192 ι

81 3252 115 3303 30
132 3228 261 3319 πολλήν
279 3229 455 3303 εὐπέτειαν
472 3228 637 3305 ἀπελθεῖν
654 3238 691 3304 ἐκ
707 3235 766 3323 τής
778 3233 890 3326 χωρας
903 3227 1017 3303 αὐτῶν
1028 3229 1106 3312 τοδς
1188 3279 1189 3290 2

126 3329 305 3421 Ῥωμαίους
336 3330 512 3420 ἀφελείαις
543 3360 578 3403 τε
608 3342 722 3425 βαρεῖς
748 3338 806 3405 καλ
831 3330 1000 3426 αὐχήμασι
1025 3340 1105 3422 λαμ·
1181 3359 1190 3440 ‘j

131 3430 249 3520 προός,
302 3432 357 3501 καλ
380 3428 401 3520 ή
423 3432 487 3522 μὲν
510 3441 712 3526 Σερουιλίου
734 3443 890 3528 στρατεία
911 3433 1004 3527 τοῦτ’
1031 3440 1106 3526 ἔσχε
1188 3467 1189 3526 j
