2384 3850
145 314 195 382 τολ
213 308 381 392 παθόντες
394 308 490 399 κακά,
509 307 735 401 ὑπεχώρησαν
753 316 800 393 είς
817 307 854 379 τό
873 316 999 380 πεδίον.
1027 316 1100 379 ἔνθα

145 408 594 502 καταστρατοπεδευσάμενοι
607 420 613 429 ’
627 427 700 494 ταῖς
728 414 802 499 ἑξῆς
823 409 960 500 ἡμέραις
989 414 1100 494 ἐξέτατ·
1159 482 1160 485 ,

144 512 283 601 ταυτην
306 511 451 604 δύναμιν
473 516 529 584 καὶ
554 510 806 602 προύκαλοῦντο
830 510 908 595 τοῦς
934 511 1101 602 Ῥωμαίους

69 675 74 683 .
146 621 193 697 είς
211 613 336 705 μάχην·
372 620 407 684 οί
418 611 451 685 δ’
471 612 534 685 οῦκ
550 612 762 707 ἀντεξῄεσαν.
818 612 863 697 ὡς
890 615 927 685 δὲ·
953 610 1041 685 τοῦτ’
1065 612 1102 682 εἶ-

109 736 126 785 5
143 722 204 787 δον
222 714 535 807 καταφρονήσαντες
560 712 675 787 αῦτοῦν
692 720 725 786 οί
744 711 951 787 Οῦολοῦσκοι
969 711 1104 786 συνεκά-
1160 790 1161 805 χ

142 826 225 888 λουν
249 820 285 888 ἐκ
307 821 376 889 των
393 815 523 889 πόλεων
543 814 720 907 δυνάμεις,
746 818 800 887 καὶ
825 813 1102 905 παρεσκευάζοντο
1160 832 1161 835 ’

142 916 188 1000 ὡς
207 923 394 1001 ἐξελοῦντες
411 924 607 1010 πολυχειρίᾳ
625 916 661 989 τό
679 915 859 1008 φρούριον·
878 923 1003 1011 ῥᾳδίως
1018 947 1052 989 τε
1068 911 1104 984 άν

142 1019 374 1108 ἐξειργάσαντο
403 1022 488 1107 μέγα
520 1027 620 1108 ἔργον
646 1013 777 1089 ῦπάτου
801 1046 838 1090 τε
861 1022 918 1089 καὶ
933 1020 1104 1109 Ῥωμαϊκῆς
1113 1024 1156 1072 1720

142 1117 316 1208 δυνάμεως
333 1113 354 1207 ἦ
372 1125 431 1211 βίᾳ
449 1116 709 1210 κρατησαντεςῆ
726 1116 808 1191 καθ’
823 1115 1013 1211 ὁμολογίας·
1032 1118 1104 1191 οῦδὲ
1161 1118 1162 1123 ’

91 1240 124 1287 10
141 1218 205 1310 γάρ
223 1223 292 1290 των
310 1222 508 1309 ἐπιτηδείων
526 1228 574 1293 ἐτι
592 1218 729 1312 εύπόρει
746 1219 782 1291 τῦ
800 1228 940 1312 χωρίον’
966 1229 1054 1312 έφθη
1071 1219 1104 1289 δέ

140 1318 303 1411 πρότερον
344 1324 519 1411 ἐπικουρία
553 1321 727 1413 Ῥωμαίοις
764 1325 930 1412 ἐλθοῦσα,
974 1320 1035 1413 ὑφ’
1070 1311 1103 1409 ῦς

139 1420 362 1513 ἐκωλύθησαν
373 1427 408 1494 οί
420 1420 629 1496 Οὐολοῦσκοι
641 1422 678 1494 τό
692 1421 870 1495 κάλλιστον
884 1428 1050 1496 ἐπιθεῖναι
1062 1422 1105 1515 τῳ

139 1527 272 1619 πολέμῳ
301 1528 402 1609 τέλος.
439 1521 457 1596 ὁ
483 1524 547 1614 γάρ
572 1529 682 1615 ἕτερος
710 1532 778 1595 τῶν
800 1520 939 1597 ῦπάτων
975 1532 1104 1597 Καίσων

140 1624 267 1713 Φάβιος
301 1627 423 1717 μαθων
456 1619 498 1698 ’ἐν
529 1623 582 1709 αἷς
610 1616 653 1715 ἦν
680 1625 794 1717 τύχαις
817 1620 1103 1717 ἡπαραταξαμένη

91 1744 122 1792 15
142 1723 368 1811 Οὐολούσκοις
392 1726 552 1818 δύναμις,
581 1725 735 1817 ἐβούλετο
759 1728 821 1817 μὲν
839 1723 883 1810 ως
903 1728 971 1819 εἶχε
992 1726 1102 1817 τάχους
1163 1778 1164 1781 ,

139 1831 251 1900 πᾶσαν
275 1826 369 1916 άγων
392 1827 454 1919 τὴν
479 1827 625 1919 δύναμιν
658 1825 764 1911 εύθῦς
797 1830 924 1900 ἐπιέναι
950 1846 1019 1912 τοῖς
1048 1854 1103 1899 πο

139 1935 310 2019 λιορκοῦσι
335 1931 372 2001 τὸ
390 1930 564 2021 φρούριον.
624 1930 670 2013 οῦς
697 1933 734 2002 δέ
768 1927 830 2002 οῦκ
861 1935 988 2020 ἐγένετο
1020 1926 1103 2022 αύτῷ

139 2031 297 2122 θυομένῳ
315 2058 351 2100 τε
369 2033 425 2101 καλ
443 2036 576 2113 οίωνοίς
593 2035 754 2126 χρωμένῳ
772 2030 813 2102 τά
831 2031 905 2124 ίερά
918 2031 1015 2123 καλά,
1034 2027 1099 2101 ἀλλ’
1164 2077 1165 2102 .

139 2128 338 2219 ἠναντιοῦτο
367 2129 450 2221 πρός
479 2132 537 2214 τάς
567 2131 702 2217 ἐξόδους
726 2129 832 2204 αῦτοῦ
855 2131 891 2205 τό
922 2132 1101 2225 δαιμόνων,

88 2250 122 2298 20
140 2227 240 2312 αῦτός
258 2232 320 2322 μέν
336 2227 511 2325 ὑπέμεινε,
538 2232 596 2317 τάς
620 2237 658 2306 δὲ
676 2242 854 2324 κρατίστας
879 2227 1102 2326 ἐπιλεξάμενος

137 2342 276 2425 σπείρας
291 2330 464 2407 άπέστειλε
481 2340 527 2431 τῷ
546 2335 758 2427 συνάρχοντι.
778 2343 816 2409 αί
831 2338 869 2407 δέ
887 2337 943 2406 διά
967 2367 1003 2408 τε
1019 2336 1102 2426 δρῦν

136 2432 275 2524 ἀφανῶς
312 2441 368 2508 καί
410 2437 544 2527 νύκτωρ
578 2437 619 2508 τά
653 2436 760 2508 πολλά
794 2436 1017 2528 ποιησάμεναι
1051 2433 1101 2515 τάς

136 2531 236 2618 ὁδούς
282 2543 442 2628 εἰσῆλθον
481 2547 529 2622 είς
565 2536 624 2610 τόν
662 2536 791 2629 χάρακα
823 2537 900 2621 τοῦς
931 2545 1103 2628 πολεμίους

137 2643 314 2708 λαθοῦσαι.
351 2635 370 2709 ὁ
393 2640 456 2728 μὲν
474 2631 539 2710 οῦν
557 2646 710 2730 Αἰμίλιος
733 2638 942 2732 θρασύτερος
963 2636 1103 2730 ἐγεγόνει

86 2756 120 2806 25
137 2741 178 2828 τῇ
196 2745 364 2832 παρουσία
386 2745 455 2809 τῶν
479 2741 679 2831 συμμάχων,
711 2747 747 2811 οί
770 2742 807 2811 δέ
831 2745 981 2832 πολέμιοι
1004 2745 1051 2834 τῳ
1071 2767 1103 2808 τε

136 2835 261 2927 πλήθει
291 2843 339 2934 τῳ
368 2843 517 2933 σφετέρῳ
546 2847 620 2930 εἰκῆ
655 2849 793 2914 πίσυνοι
823 2846 879 2913 καὶ
910 2842 966 2912 διὰ
996 2839 1033 2913 τό
1062 2836 1158 2929 μήῑλέῑ

138 2943 301 3024 ἐπεξιέναι
336 2940 414 3023 τοῦς
447 2936 629 3030 Ῥωμαίους
667 2950 715 3025 είς
759 2942 870 3034 μάχην
906 2945 1103 3034 ἐπαρθέντες

135 3038 317 3128 ἀνέβαινον
336 3045 388 3114 ἐπὶ
422 3040 459 3114 τό
484 3041 561 3136 ῦρος
596 3041 834 3129 πυκνώσαντες
869 3041 946 3127 τοῦς
973 3042 1101 3134 λόχους·

136 3144 192 3212 καὶ
225 3147 259 3212 οί
284 3142 438 3234 Ῥωμαῖοι
470 3147 631 3235 παρέντες
666 3141 787 3229 αύτούς
824 3144 992 3235 ἀναβῆναι
1025 3141 1100 3214 καθ’

86 3262 119 3312 30
137 3237 297 3334 ἡσυχίαν,
330 3249 387 3315 καὶ
419 3244 525 3317 πολλά
551 3263 671 3318 πονεῖν
700 3249 777 3339 περὶ
812 3250 861 3341 τῳ
895 3244 1102 3338 σταυρώματι

137 3342 310 3434 ἐάσαντες,
341 3346 457 3434 ἐπειδὴ
486 3345 527 3417 τά
555 3364 677 3438 σημεῖα
709 3347 800 3439 ἤρθη
830 3355 890 3437 τῆς
908 3347 1013 3439 μάχης
1036 3352 1100 3417 δια-

136 3443 324 3528 σπάσαντες
342 3444 425 3515 κατά
447 3445 554 3516 πολλά
578 3451 662 3537 μέρη
687 3445 746 3518 τόν
769 3447 898 3539 χάρακα
923 3453 1101 3538 ἐμπίπτου-
