2384 3850
159 104 222 170 νιν
446 84 754 167 ’ἠο-

160 283 216 351 καλ
235 282 311 371 περὶ
327 276 448 350 τούτου
466 276 567 368 λόγον
582 275 746 367 ὑποσχεῖν
762 275 856 368 ύμῖν,
873 275 1151 370 προχειρότατον

159 383 222 482 μὲν
239 377 329 452 τοῦτ’
350 388 435 471 ἔχων
454 386 573 470 εἰπεῖν,
591 378 643 450 ὅτι
660 378 697 450 τὸ
710 379 773 470 μὲν
787 382 941 469 ἐπιτιμᾶν
953 395 1022 462 τοῖς
1036 407 1148 470 γενο-

159 485 272 574 μένοις
295 481 386 554 πύνυ
410 479 530 576 ῥηίδιον
559 484 616 553 καὶ
638 479 761 564 παντὸς
789 479 994 570 ἀνθρώπου,
1029 481 1065 574 τῤ
1094 484 1148 552 δὲ

161 582 439 677 παραβάλλεσθαι
452 581 624 676 πράγμασι
636 591 750 664 καλοῖς
762 581 910 672 χαλεπὸν
922 585 979 654 καὶ
989 581 1119 672 ὀλίγων
1132 604 1144 616 ·

127 709 144 760 5
161 688 218 758 καὶ
235 685 286 757 ὅτι
303 684 364 777 οὐχ
383 682 496 777 ὥσπερ
513 684 553 757 τά
571 682 732 774 γεγονότα
748 691 905 774 φαίνεται
916 679 1016 756 όποϊά
1028 690 1144 774 ἐστιν,

160 787 251 860 οὕτω
269 791 324 860 καλ
342 785 382 858 τά
400 791 564 879 μέλλοντα
581 784 682 858 όπολα
700 792 807 856 ἐσται·
844 783 918 856 ἀλλ’
939 788 1052 858 ἐκεῖνα
1068 787 1147 876 μὲν

160 887 341 978 αἰσθήσεσι
363 891 420 960 καὶ
438 887 564 961 πάθεσι
586 885 932 979 καταλαμβανόμεθα,
963 892 1068 959 ταύτα
1093 891 1146 959 δὲ

159 999 330 1081 μαντείαις
348 994 403 1062 καὶ
422 992 533 1075 δόξαις
552 989 740 1080 εἰκάζομεν,
760 994 798 1061 ἐν
815 985 868 1072 αἶς
886 987 972 1061 πολύ
989 987 1026 1061 τό
1043 988 1147 1060 ἀπα-
1167 1008 1188 1055 1

159 1089 277 1180 τηλόν·
296 1094 352 1163 καὶ
370 1089 421 1162 ότι
435 1096 560 1185 ῥᾷστον
572 1087 732 1164 ἀπόντων
746 1094 817 1162 ἐστὶ
830 1090 919 1185 λόγφ
933 1106 1147 1183 στρατηγεῖν

112 1219 144 1268 10
161 1194 325 1283 πολέμους
350 1195 412 1276 ἔξω
429 1198 489 1264 τού
513 1197 628 1264 δεινοῦ
651 1191 853 1283 βεβηκότας,
883 1190 903 1263 δ
926 1196 1083 1265 ποιοῦσιν
1100 1199 1150 1264 οἱ

160 1298 423 1386 κατηγοροῦντες
442 1298 531 1386 ἐμοῦ.
557 1292 631 1366 ἀλλ’
652 1300 710 1367 ἵνα
727 1291 821 1369 ταῦτ’
840 1290 929 1384 ἀφῶ,
947 1297 1031 1385 φέρε
1048 1294 1146 1385 πρὸς

159 1496 344 1588 βιάσασθαι
352 1497 518 1592 φρούριον
529 1498 767 1589 ἐπιβαλόμενος
780 1500 836 1569 καλ
848 1495 931 1586 πρός
943 1496 1056 1588 ύψηλά
1069 1528 1145 1589 χω-

159 1608 217 1692 ρία
229 1598 287 1684 τάς
301 1598 461 1692 δυνάμεις
473 1598 625 1691 ἀγαγύν;
644 1595 665 1690 ἢ
677 1605 812 1672 πολλῶν
828 1596 900 1690 μετ’
918 1597 1031 1672 ἀλλων
1047 1598 1145 1690 ύμε-

110 1725 142 1776 15
159 1705 267 1796 τέραιν
284 1707 497 1795 στρατηγόν,
530 1705 563 1788 ἐξ
582 1692 631 1774 οἷν
648 1709 684 1772 οί
704 1703 766 1792 μὲν
783 1700 1033 1793 κατώρθωσαν,
1061 1718 1143 1785 τοῖς

161 1799 259 1876 δὀύκ
284 1802 454 1897 ἐχώρησεν
477 1802 498 1894 ἡ
517 1820 619 1896 πεῖρα
643 1804 726 1875 κατὰ
744 1807 848 1889 νούν;
879 1810 915 1875 τί
931 1799 1049 1893 δήποτ’
1068 1794 1142 1876 ούν

158 1905 237 1989 τούς
254 1903 376 1990 ἀλλους
396 1903 537 1997 ἀφέντες
555 1907 612 1997 ἐμὲ
630 1914 778 1999 κρίνετε,
799 1913 829 1977 εί
846 1909 950 1979 ταύτα
966 1903 1142 1997 ἀστρατη-

159 2014 278 2097 γησίας
295 2010 351 2077 καὶ
369 2005 563 2098 ἀφροσύνης
582 2015 664 2098 ἔργα
681 2015 848 2098 νομίζετες
879 2007 967 2080 πόσα
992 2004 1027 2079 δ’
1046 2006 1140 2079 ἀλλα

159 2105 281 2180 τούτου
304 2107 529 2201 τολμηρότερα
551 2124 622 2191 τοῖς
646 2104 807 2198 ἡγεμόσιν
830 2118 938 2182 ἔπεισι
962 2108 1138 2200 πρύττειν,

108 2234 142 2285 νο
159 2208 240 2281 ὅταν
262 2207 299 2281 τό
325 2205 473 2300 ἀσφαλές
498 2213 554 2283 καὶ
577 2214 814 2302 λελογισμένον
831 2208 949 2301 ἥκιστα
966 2218 1001 2283 οί
1022 2217 1139 2302 καιροὶ
1185 2285 1186 2290 ,

160 2314 338 2403 δέχονται,
370 2319 404 2385 οἱ
425 2315 488 2404 μέν
510 2342 548 2403 γε
570 2312 630 2395 τάς
655 2321 798 2405 σημαίας
829 2311 1040 2406 ἀρπάσαντες
1062 2317 1139 2386 τοῖν

159 2416 332 2504 σφετέρων
350 2422 493 2507 ἔρριψαν
512 2422 558 2497 εἰς
576 2414 656 2497 τούς
672 2422 868 2505 πολεμίους,
887 2422 944 2488 ἵνα
961 2432 1031 2497 τοῖς
1048 2424 1140 2506 βλα-

158 2513 297 2589 κεύουσι
315 2518 372 2587 καὶ
389 2512 630 2589 ἀποδειλιῶσιν
648 2519 684 2587 ἐκ
701 2522 762 2588 τού
775 2515 963 2607 ἀναγκαίου
976 2524 1136 2610 παραστῇ

158 2616 195 2689 τὸ
214 2613 365 2707 εὔψυχον
384 2620 630 2709 ἐπισταμένοις,
653 2616 705 2689 ότι
721 2618 799 2701 τούς
822 2617 867 2709 μη
890 2616 1136 2703 ἀνασώσαντας
1150 2636 1186 2687 18

109 2741 142 2793 25
159 2716 199 2789 τοὶ
217 2733 337 2808 σημεῖα
353 2716 420 2789 ὑπό
438 2724 506 2791 τοῖν
520 2723 718 2812 στρατηγόν
736 2727 791 2791 δεῖ
806 2718 871 2793 σύν
887 2720 1031 2812 αἰσχύνη
1045 2720 1135 2793 ἀπο-

158 2831 299 2891 θανεῖν·
319 2825 355 2891 ολ
370 2817 402 2889 δ’
425 2827 472 2904 εἰς
489 2820 552 2910 τὴν
569 2825 639 2893 τοῖν
656 2829 826 2912 πολεμίων
839 2821 953 2914 χύραν
966 2822 1135 2913 ἐμβαλόν-

158 2949 212 3005 τες
231 2928 357 2993 ἐλνσαν
373 2919 415 2993 τά
433 2919 599 3013 ζεύγματα
615 2927 684 2995 τεόν
700 2928 859 3015 ποταμοῖν
876 2921 936 3007 ούς
955 2926 1130 3015 διέβησαν,

158 3030 216 3094 ἵνα
230 3041 299 3107 τοῖς
308 3021 450 3115 φεύγειν
464 3027 716 3116 διανοουμένοις
729 3024 852 3115 ἀπορος
865 3024 887 3116 ἡ
901 3031 961 3099 τού
974 3030 1132 3115 σωθῆναι

160 3127 252 3205 ἐλπὶς
269 3144 415 3215 φανεῖσα
431 3125 560 3219 θύρσος
578 3126 776 3219 παραστήσῃ
800 3130 857 3209 καὶ
879 3130 979 3219 μένος
1003 3133 1041 3200 ἐν
1057 3144 1132 3210 ταῖς

108 3248 141 3299 80
159 3224 293 3316 μάχαις·
312 3232 346 3297 οί
360 3227 467 3311 δὲτὰς
481 3226 606 3318 σκηνάς
623 3231 680 3301 καὶ
696 3226 737 3301 τά
753 3228 945 3323 σκευοφόρα
962 3228 1131 3302 κατακαύ-

159 3348 277 3409 σαντες
296 3322 448 3419 ἀνάγκην
465 3334 637 3421 ἐπέθηκαν
654 3348 723 3413 τοῖς
740 3334 914 3423 σφετέροις
938 3336 975 3404 ἐκ
991 3336 1050 3422 τῆς
1067 3358 1131 3403 πο-

159 3435 274 3519 λεμίας
303 3425 393 3501 ὅσων
418 3431 550 3503 δέονται
578 3430 772 3522 λαμβύνειν.
826 3437 872 3505 ἐῶ
893 3423 997 3505 τάλλα
1024 3441 1131 3526 μυρία
