2384 3850
426 107 629 176 -ο-
953 83 1018 181 '255

39 290 166 367 ἐνταλς
183 291 316 375 πείραις
343 291 492 378 συνεχῶς
515 290 715 380 προσωτέρω
738 287 1018 381 προχωρούντων,

38 393 65 458 οί
91 389 270 480 Τυρρηνοί
304 393 622 480 παρεσκευασμένοι
649 390 807 482 στρατιάν
830 389 959 481 συχνήν
982 395 1020 466 έν

42 508 102 572 τοῖς
126 497 270 579 ἔγγιστα
290 498 428 582 χωρίοις
445 490 610 574 λαθόντες
631 491 710 575 τούς
727 500 906 582 πολεμίους
923 522 1017 565 κατε·

40 593 351 682 στρατοπέδευσαν.
371 591 472 664 ἔπειτ’
485 591 745 678 ἀποστέλλοντες
755 599 793 665 ἐκ
804 599 873 666 τῶν
884 602 1019 687 χωρίων

41 703 187 786 ποίμνας
206 720 244 762 τε
261 697 317 766 καί
332 693 493 784 βουκόλια
505 697 562 766 καί
570 694 756 786 φορβάδων
768 692 889 785 ἀγέλας
902 701 1018 769 ἵππων
1036 719 1052 768 σ

42 799 88 867 ἐπὶ
113 793 231 884 νομήν
253 801 300 890 τῷ
318 793 429 891 λόγῳ,
454 793 706 889 προύκαλοῦντο
724 795 801 879 τούς
817 795 944 889 ἀνδρας
962 801 1018 870 ἐπὶ

19 901 161 974 ιιταύτα·
182 900 218 966 οί
234 893 268 966 δ’
288 897 432 982 ἐξιόντες
448 896 527 980 τούς
540 926 577 969 τε
589 897 793 991 ἀνθρώπους
803 897 1018 990 συνήρπαζον

41 1002 90 1070 καί
114 996 162 1070 τά
186 998 382 1090 βοσκήματα
405 998 643 1090 περιήλαυνον.
689 1004 788 1072 τούτο
811 1005 961 1092 συνεχῶς
986 1007 1019 1073 οί

45 1100 218 1194 Τυρρηνοὶ
237 1109 411 1184 ποιοῦντες
429 1105 485 1173 καὶ
500 1100 725 1195 προαγόμενοι
741 1100 820 1185 τούς
837 1111 1018 1194 πολεμίους

43 1202 88 1276 ἀεὶ
107 1204 316 1295 προσωτέρω
334 1207 395 1275 τοῦ
412 1202 573 1296 χάρακος,
598 1202 713 1294 ἐπειδή
738 1207 939 1297 διέφθειραν
956 1201 1016 1275 αύ-
1036 1224 1068 1272 10

42 1311 104 1376 τόν
135 1302 176 1375 τὸ
203 1303 425 1395 προνοητικόν
453 1309 513 1377 τοῦ
537 1303 716 1394 ἀσφαλούς
744 1323 818 1388 ταῖς
840 1309 1018 1396 συνεχέσιν

44 1404 225 1497 ἀφελείαις
248 1405 478 1496 δελεάσαντες,
503 1411 719 1496 ἐγκαθίζουσι
743 1405 863 1497 λόχους
888 1412 1018 1491 ἐντοῖς

45 1513 229 1599 ἐπικαίροις
248 1511 316 1578 τῶν
333 1513 467 1599 χωρίων
485 1507 631 1600 νύκτωρ,
650 1509 707 1579 καί
719 1511 826 1596 ἕτεροι
838 1507 898 1590 τάς
910 1503 1016 1599 ύπερ-

45 1615 176 1696 δεξίονς
199 1612 268 1680 τεόν
292 1615 422 1682 πεδίων
445 1608 759 1700 καταλαμβάνονται
782 1608 938 1691 σκοπιάς·
974 1614 1016 1701 τῆ

45 1711 71 1783 δ’
91 1715 171 1801 ἑξῆς
186 1704 294 1804 ἡμέρα
308 1714 564 1805 προπέμψαντες
577 1709 713 1801 ὀλίγους
730 1709 823 1793 τινὰς
841 1708 1015 1801 ἐνόπλους,
1035 1729 1067 1780 1ο

46 1810 86 1898 ός
106 1811 152 1902 δή
171 1817 326 1902 φυλακῆς
349 1817 448 1886 ἕνεκα
470 1817 538 1885 τοῖιν
555 1817 702 1904 νομέων,
728 1810 865 1903 ἀφῆκαν
889 1817 1018 1884 ἐκτῶν

45 1924 181 2009 χωρίων
207 1913 332 1997 πολλάς
362 1912 492 2006 ἀγέλας.
526 1913 570 2000 ύς
594 1913 627 1987 δ’
653 1911 825 2006 ἀπηγγέλη
853 1933 923 2000 τοῖς
948 1925 1018 1987 Φα·

46 2026 145 2108 βίοις,
163 2014 216 2089 ὅτι
233 2010 313 2103 τούς
329 2027 474 2109 πλησίον
490 2013 738 2107 ὑπερβαλόντες
756 2016 882 2108 λόφους
901 2022 938 2090 ἐν
950 2014 1019 2089 όλί·

48 2151 92 2216 γφ
113 2118 158 2211 δή
176 2148 244 2190 τινι
262 2116 372 2215 χρόνφ
395 2118 518 2211 μεστόν
537 2115 717 2212 εὑρήσουσι
740 2120 778 2190 τὸ
795 2127 916 2193 πεδίον
932 2148 1020 2191 παν-

47 2231 149 2294 τοίων
166 2223 296 2311 βοτάν,
320 2224 376 2293 καὶ
399 2220 462 2312 τήν
485 2219 724 2312 φυλάττουσαν
740 2217 827 2291 αύτά
845 2240 939 2313 χεῖρα
956 2220 1019 2311 οὐχ
1036 2240 1070 2291 20

49 2322 191 2412 ίκανήν,
218 2326 363 2413 ἐξῆλθον
386 2328 423 2395 ἐκ
440 2328 500 2394 τοῦ
519 2330 686 2415 φρουρίου
703 2319 864 2410 φυλακήν
879 2321 943 2410 τήν
960 2321 1018 2411 ἀρ-

48 2430 178 2498 κοῦσαν
213 2429 250 2497 ἐν
286 2423 379 2520 αὐτῷ
412 2422 664 2506 καταλιπόντες·
706 2424 762 2493 καί
800 2422 1020 2505 διανύσαντες

49 2529 184 2617 σπουδή
207 2529 264 2597 καί
288 2525 370 2617 μετά
388 2535 580 2619 προθυμίας
605 2524 667 2615 τήν
682 2522 767 2597 ὁδὸν
784 2528 1020 2614 ἐπιφαίνονται

48 2646 117 2713 τοῖς
130 2626 255 2718 φύλαξι
266 2630 335 2700 τόν
345 2627 567 2719 βοσκημάτων
578 2628 851 2716 συντεταγμένοι·
870 2622 1020 2697 κάκεῖνοι

48 2728 87 2801 ού
109 2727 285 2820 δεξάμενοι
302 2728 425 2813 αύτούς
449 2739 604 2821 έφευγον.
635 2735 671 2800 οἱ
692 2729 730 2800 δὲ
748 2727 888 2820 Φάβιοι,
913 2727 959 2811 ὥς
982 2731 1020 2799 ἐν
1036 2744 1070 2797 25

48 2829 198 2923 ἀσφαλεῖ
213 2830 257 2922 δή
272 2830 385 2922 ὄντες,
410 2831 488 2915 τούς
505 2859 542 2903 τε
558 2848 672 2922 νομεῖς
690 2830 947 2921 συνελάμβανον
963 2833 1021 2901 καί

16 2936 86 3005 οιτά
106 2931 302 3024 βοσκήματα
320 2932 552 3023 περιήλαυνον.
578 2937 617 3005 ἐν
634 2934 672 3004 δέ
688 2931 794 3027 τούτῳ
810 2937 841 3002 οί
856 2933 1020 3021 Τυρρηνοὶ

51 3042 85 3107 ἐκ
103 3041 163 3127 τῆς
183 3038 320 3127 ἐνέδρας
337 3033 540 3120 ἀναστάντες
564 3032 647 3106 κατά
671 3031 775 3105 πολλά
798 3038 903 3124 χωρία
920 3052 1019 3123 προσ-

49 3146 211 3210 πίπτουσι
235 3132 372 3229 [αύτολς]
398 3133 621 3229 πανταχόθεν.
665 3137 722 3206 καὶ
744 3139 781 3205 οἱ
800 3134 862 3225 μέν
883 3138 1021 3215 πλείους

51 3245 119 3312 τῶν
137 3234 308 3329 Ῥωμαίων
339 3242 575 3330 ἐσκεδασμένοι
605 3239 663 3309 καὶ
692 3233 847 3326 ἀλλήλοις
876 3232 1020 3326 ἀμύνειν
1037 3260 1072 3311 30

53 3340 114 3433 ούχ
126 3337 196 3413 οἷοί
204 3370 240 3413 τε
248 3338 354 3432 ὄντες,
374 3334 523 3414 ἐνταῦθα
530 3336 745 3412 ἀπόλλυνται.
764 3334 836 3410 ὅσοι
855 3333 888 3407 δ’
908 3334 1021 3407 αὐτῶν

55 3441 294 3534 συνεστηκότες
317 3433 405 3535 ήσαν
429 3440 709 3536 προθυμούμενοί
721 3470 754 3512 τι
770 3440 1020 3526 καταλαβέσθαι
