2384 3850
878 123 1282 182 -H—
1919 126 2040 190 115

110 301 276 363 κίων
335 299 606 381 ἔμειναν
666 289 950 381 άσινεῖς·
1010 301 1071 364 εἰ
1116 297 1198 364 δέ
1237 323 1413 376 τινες
1462 294 1877 387 ἐβλάβησαν,
1943 306 2039 381 εἰς

109 390 497 482 ἀνδράποδα
543 396 655 464 καὶ
691 393 1079 485 βοσκήματα
1124 401 1364 479 ἔδοξαν
1407 403 1758 485 βλαβῆναι.
1809 404 2037 470 ’τοῦτο

107 493 229 585 γάρ
255 491 391 565 ὑπὸ
415 501 532 566 τοῦ
550 504 865 585 Μαρκίου
890 500 1381 587 παρηγγέλλετο
1405 514 1544 578 τοῖς
1562 495 2036 590 Οὐολούσκοις,

35 610 92 659 28
108 602 221 667 ἵνα
282 593 379 667 δι’
425 592 721 681 ὑποψίας
773 606 871 668 ἔτι
917 603 1171 688 μᾶλλον
1219 603 1290 671 οἰ
1329 604 1666 689 πατρίκιοι
1711 602 2038 689 γένωνται

106 713 241 779 τοῖς
277 703 688 788 δημοτικοῖς,
742 703 855 770 καὶ
900 699 991 788 μὴ
1040 704 1417 788 ἐξαιρεθείη
1465 700 1541 772 τὸ
1576 701 1930 787 στασιάζον
1966 707 2039 773 ἐκ
2110 727 2143 775 5

107 803 218 887 τῆς
251 799 540 887 πόλεως,
591 827 756 887 οπερ
794 804 903 871 καὶ
942 804 1215 890 συνέβη.
1273 831 1364 882 ως
1397 800 1526 893 γάρ
1561 800 1866 892 ηγγέλθη
1899 820 2038 886 τοῖς

98 898 431 988 Ῥωμαίοις
466 930 509 989 η
544 899 931 991 καταδρομὴ
964 907 1082 990 τῆς
1116 930 1335 1025 χωρας
1355 957 1374 991 ,
1422 906 1533 973 καὶ
1569 911 1876 991 ἔγνωσαν
1909 903 2040 975 οὐκ

111 1004 174 1083 ἐξ
211 1013 360 1072 ἴσου
407 1019 772 1091 γεγονυῖαν
816 1001 1022 1073 απασι
1067 1002 1194 1092 τὴν
1239 1003 1598 1094 συμφοράν
1613 1058 1632 1091 ,
1695 1005 2038 1094 κατεβόων

106 1104 225 1191 μὲν
268 1106 410 1174 ταῖν
452 1111 797 1175 πλουσίων
842 1109 912 1174 οί
952 1107 1230 1194 πένητες
1279 1136 1369 1187 ως
1417 1104 1796 1194 ἐναγόντων
1843 1115 2038 1197 σφίσι

106 1203 220 1276 τὸν
252 1203 605 1295 Μάρκιον,
667 1203 1121 1294 ἀπελογοῦντο
1172 1208 1252 1278 δὲ
1294 1211 1366 1278 οἰ
1407 1216 1742 1295 πατρίκιοι
1777 1211 1890 1279 καὶ
1923 1237 2037 1279 κα·
2076 1230 2140 1279 10

106 1313 430 1394 κουργίαν
487 1304 640 1377 τινὰ
698 1310 821 1377 τοῦ
880 1315 1255 1398 στρατηγοῦ
1325 1307 1578 1398 ταύτην
1639 1306 2034 1399 ἀπέφαινον.

107 1401 390 1496 βοηθεῖν
441 1408 517 1476 δὲ
550 1424 689 1490 τοῖς
724 1404 1208 1497 ἀπολλυμένοις
1242 1404 1284 1496 ἢ
1320 1407 1555 1492 σώζειν
1601 1408 1684 1479 τά
1719 1408 2038 1500 περιόντα

109 1504 195 1576 δι’
231 1503 541 1590 ’ὑποψίαν
585 1537 658 1580 τε
694 1507 1005 1598 ἀλλήλων
1052 1513 1167 1579 καὶ
1214 1512 1362 1591 δέος
1397 1516 1766 1598 προδοσίας
1800 1507 2038 1590 ούθεὶς

105 1604 318 1696 ἠξίου·
381 1605 553 1679 ὥστε
600 1609 767 1679 κατὰ
814 1607 1072 1697 πολλὴν
1117 1608 1360 1680 ἄδειαν
1393 1607 1430 1680 ὃ
1466 1608 1775 1701 Μάρκιος
1823 1608 2039 1698 ἀπῆγε

104 1707 221 1809 τῄν
254 1709 598 1801 στρατιάν,
635 1714 750 1781 καὶ
787 1714 1189 1800 κατέστησεν
1223 1708 1524 1792 ἅπαντας
1564 1715 1672 1784 ἐπὶ
1706 1709 1789 1782 τά
1822 1718 2036 1782 οἰκεῖα
2076 1733 2140 1783 15

102 1810 444 1892 παθόντας
469 1812 596 1899 μὲν
620 1810 825 1883 οὐδὲν
854 1811 1103 1901 δεινόν,
1139 1810 1514 1902 δράσαντας
1545 1814 1621 1883 δὲ
1638 1812 1761 1884 ὅσα
1779 1809 2036 1902 ἠξίουν,

102 1916 209 1982 καὶ
251 1917 526 1984 πολλῶν
573 1911 1077 2004 εὐπορήσαντας
1122 1913 1495 2005 χρημάτων.
1569 1905 1691 2005 ἧκε
1739 1915 1816 1986 δὲ
1850 1917 1961 1985 καὶ
1997 1910 2034 1985 ὁ

110 2015 365 2095 Τύλλος
409 2011 640 2103 ὀλίγον
684 2013 971 2103 ὕστερον
1008 2021 1081 2087 ἐκ
1114 2022 1233 2105 τῆς
1269 2024 1581 2089 Λατίνων
1628 2016 1845 2108 χωρας
1881 2027 2037 2088 πολ-

103 2114 214 2198 λάς
250 2115 661 2206 ἐπαγόμενος
699 2114 1055 2205 ὠφελείας·
1098 2114 1262 2190 οὐδὲ
1297 2114 1426 2208 γάρ
1465 2123 1709 2190 ἐκεῖνοι
1749 2116 2039 2207 δύναμιν

104 2224 292 2307 ἔσχον
380 2216 582 2307 ὁμόσε
651 2235 896 2307 χωρεῖν
965 2237 1105 2300 τοῖς
1181 2228 1520 2308 πολεμίοις
1589 2218 2035 2309 μαχησόμενοι
2073 2241 2140 2289 20

102 2313 559 2407 ἀπαράσκευοί
601 2348 673 2389 τε
709 2316 908 2399 Ιὄντες
968 2323 1081 2389 καὶ
1129 2317 1296 2408 παρ’
1352 2322 1590 2390 ἐλπίδα
1635 2323 1757 2389 τοῦ
1809 2323 2040 2390 δεινοῦ

103 2428 335 2507 σφίσιν
367 2418 817 2501 ἐπιπεσόντος.
876 2424 950 2490 ἐκ
988 2421 1064 2490 δὲ
1088 2417 1336 2490 τούτου
1363 2425 1545 2490 πᾶσα
1572 2417 1763 2501 πόλις
1792 2423 2037 2507 ἐπῆρτο

38 2536 85 2586 29
101 2538 240 2601 ταῖς
277 2526 534 2611 ἐλπίσι,
596 2526 709 2592 καὶ
743 2526 996 2593 θᾶττον
1043 2516 1087 2610 ἢ
1124 2516 1213 2601 ὥς
1249 2519 1335 2591 ἄν
1380 2550 1480 2604 τις
1513 2517 1854 2608 ὑπέλαβεν
1887 2518 1933 2609 ἥ
1965 2549 2039 2590 τε

101 2620 492 2710 καταγραφὴ
525 2627 663 2693 τῶν
699 2628 1125 2713 στρατιωτῶν
1162 2625 1441 2712 ἐγίνετο,
1479 2627 1592 2694 καὶ
1625 2612 1831 2693 τᾶλλα
1866 2620 2036 2710 ὑπη-

102 2740 348 2808 ρετεῖτο
382 2720 563 2793 ὅσων
596 2742 734 2805 τοῖς
770 2741 1161 2813 στρατηγοῖς
1199 2731 1354 2794 ἔδει.
2072 2744 2139 2793 25

247 2824 419 2893 XIII.
471 2821 739 2913 Ἐπειδὴ
792 2827 865 2895 δὲ
900 2831 1200 2913 συνῆκτο
1241 2823 1373 2914 ἤδη
1421 2829 1603 2896 πάσα
1647 2821 1691 2914 ἡ
1731 2824 2036 2914 δύναμις,

104 2924 490 3012 ἐβουλεύετο
540 2926 704 3015 μετὰ
748 2930 873 2996 τοῦ
907 2924 1356 3015 συνάρχοντος
1390 2922 1427 2997 ὁ
1473 2926 1771 3013 Μάρκιος
1787 2980 1807 3014 ,
1856 2923 2038 3005 ὅπως

103 3031 420 3115 χρηστέον
454 3042 595 3108 τοῖς
630 3037 887 3109 λοιποῖς
922 3027 1325 3118 πράγμασιν.
1367 3035 1498 3117 ἔφη
1537 3025 1598 3097 δ’
1634 3017 1760 3097 οὖν
1787 3030 2033 3113 λέγων·

97 3121 272 3215 Ἐμοὶ
320 3135 536 3216 δοκεῖ,
602 3119 653 3198 ὦ
716 3127 961 3216 Τύλλε,
1025 3128 1382 3218 κράτιστον
1444 3128 1617 3199 εἶναι
1671 3136 2037 3218 νείμασθαι

102 3226 211 3309 τὰς
276 3229 593 3319 δυνάμεις
655 3226 827 3319 ἡμᾶς
888 3235 1075 3321 διχῇ·
1157 3238 1384 3301 ἔπειτα
1443 3228 1560 3300 τὸν
1614 3231 1738 3319 μὲν
1808 3234 2037 3316 ἕτερον
2071 3247 2138 3297 30

105 3322 289 3415 ἡμῶν
323 3328 572 3419 αγοντα
605 3361 763 3414 τους
798 3327 1281 3420 ἀκμαιοτάτους
1327 3334 1440 3400 καὶ
1485 3328 2036 3419 προθυμοτάτους

104 3422 301 3516 ὁμόσε
361 3448 608 3522 χωρεῖν
666 3450 807 3514 τοῖς
858 3440 1199 3523 πολεμίοις
1256 3430 1755 3521 μαχησόμενον,
1811 3434 1924 3500 καὶ
1976 3436 2039 3499 εἰ

1638 3542 1726 3603 8*
