2384 3850
431 95 634 155 .-Θ-

55 266 162 348 πολύς
181 271 213 352 έξ
231 265 430 359 ἀμφοτέρων
454 270 580 356 ἐγίνετο
603 265 716 355 φόνος.
770 272 805 338 οί
823 269 886 359 μὲν
904 260 967 342 ούν
990 268 1028 342 τό

2 385 43 434 166
55 367 168 454 δεξιόν
186 376 316 460 ἔχοντες
339 375 407 441 τῶν
422 367 594 459 Ῥωμαίων
615 371 732 459 κέρας,
756 359 797 440 ού
819 369 883 461 τήν
904 367 1028 464 ἡγεμο-

52 479 133 544 νίαν
147 470 271 562 εἷχενὸ
296 475 406 562 ἕτερος
429 479 498 542 τῶν
522 469 664 542 ύπάτων
688 467 858 559 Μάλλιος,
883 477 1028 557 ἐξέωσαν
1074 468 1081 484 ’

51 571 88 646 τό
114 571 195 645 καθ’
223 571 366 656 ἑαυτούς
384 576 499 666 μέρος,
535 576 592 644 καὶ
622 571 829 660 καταβάντες
858 571 924 647 άπό
958 583 1027 649 τῶν

51 682 168 747 ἵππων
182 673 351 766 ,ἐμάχοντο
375 682 475 760 πεζοί.
529 680 565 745 ολ
587 673 625 744 δὲ
649 678 687 744 έν
709 681 756 766 τῷ
781 670 943 773 εὐωνύμῳ
973 684 1060 753 κέ·5

52 807 127 867 ρατι
153 780 333 867 ταχθέντες
356 774 423 848 ὑπὸ
447 784 506 848 τοῦ
531 777 643 860 δεξιοῦ
668 779 736 847 τω”ν
757 779 928 870 πολεμίαν
951 785 1025 853 ἐκυ-

50 883 203 952 κλοῦντο.
233 868 276 968 ήν
298 877 363 968 γάρ
381 874 401 966 ή
426 885 613 971 Τυρρηνῶν
630 875 761 966 φάλαγξ
779 881 862 952 κατά
878 886 976 954 τούτο
988 883 1026 955 τὸ

50 989 177 1072 χωρίον
193 976 381 1070 ὑπερπετής
399 1007 434 1051 τε
452 983 508 1052 καὶ
526 976 589 1050 ούκ
612 977 715 1074 όλίγφ
740 988 862 1069 μείζων
878 989 937 1074 τῆς
959 987 1027 1058 ἑτέ·

51 1112 122 1172 ρας.
167 1081 421 1175 παρερρήγνυτο
454 1080 496 1172 δή
520 1081 626 1173 ταύτῃ
657 1080 694 1152 τό
719 1077 901 1174 Ῥωμαικὸν
916 1087 1026 1176 ’στρά-

2 1221 5 1242 ι
50 1212 157 1275 τευμα
188 1187 244 1255 καὶ
273 1183 397 1266 πολλάς
428 1183 556 1274 πληγάς
588 1183 785 1272 ἐλάμβανεν.
841 1183 954 1276 ήγεῑτο
987 1192 1026 1263 δὲ
1045 1215 1078 1263 10

50 1284 174 1357 τούτου
191 1291 251 1356 τοῦ
274 1287 379 1378 κέρως
405 1284 547 1367 Κόιντος
567 1284 711 1374 Φάβιος,
738 1288 945 1381 πρεσβευτής
968 1297 1025 1364 καὶ

51 1386 310 1479 ἀντιστράτηγος
328 1387 388 1477 όν,
406 1382 424 1458 ὁ
445 1390 497 1468 δὶς
513 1383 719 1469 ὑπατεύσας·
759 1391 815 1459 καλ
832 1395 928 1482 μέχρι
946 1404 1025 1464 πολ·

51 1495 113 1561 λοῦ
131 1486 263 1580 ἀντεῖχε
279 1488 450 1581 τραύματα
467 1488 885 1588 λαμβάνωνχπαντοδαπά·
910 1500 1025 1567 ἔπειτα

2 1613 3 1644 λ
51 1590 155 1683 λόγχῃ
179 1595 319 1681 βληθεὶς
343 1599 390 1674 είς
413 1589 453 1662 τά
471 1594 592 1679 στέρνα
616 1596 712 1681 μέχρι
730 1594 800 1662 των
823 1591 1025 1684 σπλάγχνων

52 1691 218 1783 ἐλθούσης
259 1697 317 1783 τῆς
358 1698 476 1784 αἰχμῆς
517 1697 648 1784 ἔξαιμος
680 1690 860 1782 γενόμενος
898 1704 1019 1770 πίπτει.
1041 1720 1075 1768 15

51 1794 97 1876 ως
116 1796 154 1865 δὲ
171 1793 260 1866 τοῦτ’
287 1793 433 1885 ἤκουσεν
449 1794 467 1867 ὁ
486 1799 599 1888 ἕτερος
615 1799 684 1866 τῶν
700 1793 840 1867 ὑπάτων
846 1851 856 1886 ,
882 1796 1024 1888 Μάρκος

52 1895 196 1988 Φάβιος·
225 1889 269 1988 ήν
291 1899 329 1969 δὲ
349 1896 431 1970 κατὰ
458 1900 566 1988 μέσην
588 1896 651 1988 τήν
679 1895 837 1988 φάλαγγα
866 1905 1026 1992 τεταγμέ-

51 2019 123 2082 νος·
156 1999 234 2081 τούς
258 2010 455 2091 κρατίστους
471 2004 539 2071 τῶν
557 1998 666 2091 λόχων
682 1999 864 2089 ἀναλαβών
887 2006 944 2075 καὶ
966 2004 1025 2076 τὸν

3 2116 42 2167 167
52 2104 167 2192 ἕτερον
196 2106 265 2173 τάν
291 2098 452 2191 άὸελφων
474 2110 636 2174 Καίσωνα
661 2099 794 2191 Φάβιον
816 2103 1025 2178 ἀνακαλεσά-

50 2232 162 2294 μενος,
198 2202 413 2294 παρήλαυνεν
434 2205 520 2295 [dni]-
538 2201 601 2291 τήν
632 2208 753 2276 ἑαυτοῦ
786 2205 944 2295 φάλαγγα
968 2213 1023 2280 καλ
1042 2232 1077 2280 20

50 2308 147 2396 μέχρι
171 2310 296 2377 πολλοῦ
321 2304 517 2395 προελθων,
546 2306 662 2395 ἐπειδή
687 2301 899 2393 παρήλλαξεν
915 2308 952 2379 τὸ
971 2316 1024 2380 δε-

49 2406 121 2489 ξιὸν
138 2410 206 2479 των
224 2416 392 2499 πολεμίων
410 2409 519 2498 κέρας,
537 2403 685 2495 ήλαυνεν
704 2409 759 2476 ἐπὶ
774 2406 852 2488 τούς
879 2419 1025 2480 κυκλου-

49 2512 182 2598 μένους.
237 2508 390 2599 ἐμπεσόν
426 2511 462 2580 δὲ
499 2504 632 2598 αὐτοῖς,
668 2507 778 2600 φόνον
811 2537 848 2579 τε
882 2528 952 2593 τοῖς
987 2517 1026 2583 έν

50 2613 145 2702 χερσὶ
176 2629 266 2683 ποιεῖ
292 2611 401 2683 πολύν
429 2616 484 2683 καὶ
511 2608 627 2702 φυγήν
649 2617 718 2682 τοῐν
740 2609 874 2699 πρόσω·
908 2610 968 2685 τόν
987 2642 1024 2685 τε

49 2709 200 2802 άδελφὸν
218 2721 264 2785 έτι
290 2715 473 2803 ἐμπνέοντα
493 2713 693 2801 καταλαβών
716 2724 854 2806 αἴρεται.
897 2719 1025 2798 ἐκεῖνος
1042 2739 1076 2788 25

48 2818 111 2904 μέν
129 2804 193 2886 οὖν
211 2811 253 2885 ού
270 2813 379 2886 πολύν
397 2823 446 2886 ἔτι
468 2815 590 2908 χρόνον
615 2816 773 2904 έπιβιούς
796 2813 1020 2908 ἀποθνήσκει·

49 2936 118 3000 τοῖς
139 2918 176 2987 δέ
194 2922 397 3009 τιμωροῦσιν
415 2915 505 3012 αὐτῷ
522 2913 633 3008 θυμός
657 2928 706 2989 ἔτι
730 2925 854 3007 μείζων
876 2923 1024 3010 παρέστη

52 3020 119 3110 [καὶ
137 3018 269 3108 μείζων]
291 3018 374 3112 πρὸς
392 3017 429 3089 τό
447 3015 646 3091 άντίπαλον·
683 3021 739 3089 καὶ
763 3017 866 3089 οὐδέν
889 3028 938 3090 ἔτι
963 3026 1023 3109 τής

50 3128 140 3201 ἰδίας
165 3125 274 3210 ψυχῆς
304 3118 545 3212 προνοούμενοι
586 3120 652 3193 σύν
682 3116 807 3209 ὀλίγοις
831 3127 879 3201 είς
901 3123 1024 3212 μέσους

50 3220 252 3313 ἐμπεσόντες
279 3222 359 3306 τούς
387 3221 530 3315 μάλιστα
558 3220 803 3312 συνεστηκότας
826 3226 895 3294 των
924 3232 1025 3296 πολε·
1042 3248 1075 3297 30

49 3333 148 3414 μίων,
163 3324 293 3417 σωρούς
312 3323 516 3417 ἐξεπλήρουν
533 3329 673 3416 νεκρῶν.
694 3320 778 3396 κατά
794 3327 858 3416 μὲν
871 3325 914 3415 δὴ
927 3329 1025 3397 τούτο

49 3425 85 3498 τὸ
102 3430 204 3519 μέρος
223 3424 383 3519 έκαμευή
407 3433 593 3521 Τυρρηνῶν
610 3424 758 3518 φάλαγξ,
783 3429 891 3498 καλοί
907 3423 1026 3518 πρότε-
