2384 3850
142 113 210 180 284
527 141 571 155 -
615 111 730 172 Θ-

143 291 212 360 τιὸν
236 283 417 377 δημάρχων
445 281 628 374 βοήθειαν,
660 285 716 355 καὶ
745 287 854 379 ἐντῷ
878 282 975 378 δὴμφ
1002 293 1119 373 κρίσιν

142 386 282 480 ὑπέχειν
291 397 325 458 εί
334 415 366 458 τι
378 394 564 476 πλημμελεῖ
571 386 791 477 βουλόμενον,
805 382 987 478 ὀἀδετέρον
998 402 1119 477 τυχεῖν

146 502 265 563 εἴασαν
280 492 350 560 τοῖν
367 495 524 577 δικαίων,
542 484 619 558 ἀλλ’
640 491 678 560 έν
694 486 913 578 ἀνδραπόδου
935 493 1038 581 μοίρᾳ
1054 487 1118 559 τὸν

146 591 330 685 ἐλεύθερον
347 592 404 662 καὶ
421 596 562 680 πολίτην
575 597 695 662 ἔθεντο
706 597 822 661 παίειν
834 588 1116 680 ἐπικελευόμενοι.

109 721 126 770 ε
144 691 431 783 ἀντιτεταγμένων
442 688 486 780 δὴ
492 689 623 763 τούτων
633 695 691 763 καὶ
700 687 889 783 οὐδετέρων
902 689 987 774 εἶξαι
995 699 1118 780 βουλο-

142 801 256 887 μένων
285 809 354 876 τοίς
386 795 526 885 ἑτέροις,
557 789 645 878 ἅπας
675 789 694 864 ὁ
724 790 838 876 λοιπός
866 798 925 883 τῆς
953 788 1119 876 ὑπατείας

144 899 273 986 ἐκείνης
292 893 492 985 ἐδαπανήθη
510 894 645 987 χρόνος,
662 893 741 967 οὔτε
757 905 951 986 πολεμικαῖς
975 894 1120 986 πράξεσι

143 1001 325 1089 κοσμηθεὶς
343 1007 460 1078 καλαῖς
477 995 555 1070 οὔτε
573 1007 758 1079 πολιτικαίς
774 994 877 1086 λόγου
893 995 1011 1082 ἀξίαις.

219 1099 359 1169 XXXX.
372 1097 600 1170 Ἐπιστάντων
613 1101 651 1170 δὲ
668 1103 737 1198 τόν
753 1095 977 1191 ἀρχαιρεσίων
991 1097 1119 1170 ὕπατοι

93 1225 126 1276 10
142 1201 205 1292 μὲν
231 1200 485 1291 ἀπεδείχθησαν
513 1199 656 1283 Λεύκιος
683 1199 848 1291 Πινάρως
875 1202 933 1271 καὶ
962 1198 1116 1282 Πόπλιος

144 1301 297 1393 Φούριος.
310 1382 313 1387 ,
326 1306 363 1374 έν
379 1297 466 1394 ἀρχῇ
484 1303 522 1374 δέ
538 1307 600 1374 τοῦ
622 1311 717 1385 ἔτους
741 1299 848 1385 εὐθύς
869 1301 999 1386 ὀττείας
1022 1301 1117 1384 τινός
1127 1329 1192 1378 185

142 1402 277 1493 ἡπόλις
296 1401 476 1495 ἐπληρώθη
499 1408 556 1476 καὶ
578 1403 690 1495 φόβου
714 1410 891 1494 δαιμονίου
912 1401 1062 1496 τεράτων
1078 1433 1118 1475 τε

143 1510 200 1578 καὶ
223 1513 372 1598 σημείων
394 1510 529 1578 πολλῶν
552 1509 749 1596 γινομένων.
781 1508 839 1576 καὶ
860 1511 894 1577 οἳ
918 1504 1115 1595 τεμόντας

141 1605 288 1692 ἅπαντες
305 1610 362 1678 καὶ
378 1613 415 1678 οἱ
428 1613 497 1678 τῶν
516 1612 618 1700 ἱερῶν
641 1610 797 1698 ἐξηγηταὶ
820 1605 922 1698 χόλου
941 1606 1116 1698 δαιμόνων

92 1733 124 1782 15
142 1708 320 1800 μηνύματα
339 1708 426 1782 εἶναι
442 1707 483 1782 τά
499 1706 660 1800 γινόμενα
672 1707 874 1800 ἀπέφαινον,
893 1713 996 1799 ίερῶν
1007 1737 1115 1780 τινων

141 1808 202 1902 οὐχ
219 1807 321 1894 ὁσίως
337 1806 418 1884 ούδέ
436 1813 596 1904 καθαρῶς
611 1814 884 1902 ἐπιτελουμένων.
903 1815 960 1882 καὶ
973 1807 1015 1882 ού
1028 1809 1112 1902 μετά

8 1914 12 1922 ’
141 1911 228 1985 πολύ
246 1912 345 1995 νόσος
365 1915 549 2003 ἐνέσκηψεν
568 1919 617 1997 είς
633 1911 691 1995 τὰς
709 1930 873 2003 γυναῖκας
886 1909 908 2003 ἡ
920 1916 1112 2004 καλουμένη

141 2012 293 2103 λοιμική,
312 2014 369 2085 καὶ
386 2011 534 2097 θάνατος
551 2014 630 2099 όσος
647 2012 741 2088 οὔπω
759 2015 944 2109 πρότερον,
967 2014 1113 2106 μάλιστα

142 2111 174 2186 δ’
195 2122 242 2198 εἰς
259 2114 317 2199 τὰς
336 2113 528 2207 ἐγκύμονας.
557 2115 789 2207 ὠμοτοκοῦσαί
799 2146 836 2190 τε
852 2114 917 2210 γάρ
934 2121 992 2189 καὶ
1008 2118 1114 2208 νεκρά

90 2240 124 2291 20
140 2222 312 2289 τίκτουσαι
342 2222 626 2310 συναπέθνησκον
654 2236 725 2302 τοῖς
755 2222 916 2312 βρέφεσι,
947 2222 1005 2290 καὶ
1031 2216 1112 2291 οὔτε

141 2328 305 2391 λιτανεῖαι
334 2318 416 2410 πρός
440 2324 531 2392 ἕδεσι
560 2322 618 2393 καὶ
647 2328 773 2412 βωμοῖς
802 2320 977 2412 γινόμεναι
1004 2324 1112 2410 θεῶν,

141 2418 218 2493 οὔτε
236 2419 456 2513 καθαρτήριοι
473 2430 594 2494 θυσίαι
612 2431 695 2515 περί
715 2450 752 2493 τε
774 2423 903 2506 πόλεως
925 2425 983 2494 καὶ
1005 2432 1112 2494 οἴκων

142 2526 241 2594 ίδίων
258 2522 509 2614 ἐπιτελούμεναι
526 2530 663 2596 παῦλαν
685 2523 804 2608 αὐτοῖς
822 2534 946 2617 ἔφερον
962 2528 1031 2595 τόν
1050 2552 1114 2595 κα-

140 2628 219 2695 κῶν.
249 2628 285 2694 έν
301 2623 438 2716 τοιαύτη
457 2627 495 2697 δέ
512 2631 671 2720 συμφορᾷ
692 2630 751 2718 τῆς
776 2626 903 2710 πόλεως
921 2624 1024 2716 οὔσης
1039 2641 1114 2709 τοῖς

89 2746 123 2796 25
142 2726 314 2814 ἐξηγηταῖς
322 2730 391 2796 τῶν
401 2733 502 2818 λερῶν
509 2734 638 2817 γίνεται
645 2726 789 2820 μήνυσις
797 2724 864 2801 ἀπό
873 2726 998 2801 δούλου
1005 2724 1111 2815 τινός,

139 2822 190 2896 ὅτι
208 2831 268 2916 μία
284 2830 353 2899 τῶν
371 2832 548 2919 ἱεροποιῶν
569 2834 754 2919 παρθένων
775 2834 845 2902 τοῖν
868 2832 1114 2921 φυλαττουσῶν

139 2924 175 2997 τό
193 2922 368 3001 ἀθάνατον
384 2933 451 3022 πῦρ
462 2926 613 3022 Ὀρβινία
629 2932 692 3022 τὴν
707 2941 901 3025 παρθενίαν
917 2929 1113 3004 ἀπολώλεκε

139 3030 196 3099 καὶ
219 3028 263 3099 τά·
278 3028 353 3122 ίερά
376 3030 458 3103 θύει
480 3032 521 3103 τά
538 3039 596 3123 τῆς
619 3032 748 3116 πόλεως
770 3031 834 3106 ούκ
856 3026 943 3105 οὖσα
964 3030 1110 3123 καθαρά.
1123 3057 1162 3108 18
1187 3069 1189 3077 ’

139 3126 288 3201 κάκεῖνοι
304 3132 568 3223 μεταστήσαντες
592 3131 699 3225 αὐτὴν
722 3133 789 3208 ἀπό
812 3143 881 3209 τῶν
904 3138 1023 3227 ίεριόν,
1053 3138 1115 3205 καὶ

88 3254 122 3303 30
139 3232 323 3321 προθέντες
347 3238 463 3324 δίκην,
490 3233 606 3325 ἐπειδὴ
634 3235 829 3327 καταφανὴς
860 3240 991 3327 ἐγένετο
1020 3240 1114 3325 ἐλεγ-

139 3342 277 3419 χθεῖσα,
303 3332 440 3424 ῥάβδοις
462 3364 499 3407 τε
523 3340 755 3427 ἐμαστίγωσαν
776 3342 833 3410 καὶ
855 3336 1113 3429 πομπεύσαντες

142 3431 198 3501 διά
216 3436 275 3520 τῆς
293 3433 420 3517 πόλεως
439 3440 548 3519 ζῶσαν
561 3436 766 3528 κατώρυξαν.
792 3446 863 3513 τῶν
875 3442 916 3512 δέ
928 3442 1114 3530 διαπραξα·
