2384 3850
130 149 215 224 ‚200
533 140 836 209 -Η-”

153 320 257 411 αὐτῆς
279 318 406 413 άνδρας
430 320 544 393 καί
509 351 546 393 το
570 319 734 443 ὑμέτερον
759 319 916 411 ψήφισμα
939 319 1112 413 δπερί
1075 352 1131 412 της

153 429 352 515 κληρουχίας
388 426 529 507 ἐξοίσετε
564 426 621 493 καὶ
650 412 753 493 τάλλα
780 418 843 493 ὅσα
873 430 929 495 δεῖ
954 427 1125 512 γενέσθαι,

154 524 270 613 ἐπειδὴ
288 521 451 618 βραχυς
435 554 453 597 ο
472 521 668 614 λειπόμενός
688 525 815 596 ἐστι
773 552 832 613 της
849 554 952 617 αρχης
961 542 1031 607 τοις
1042 520 1125 595 διτά-

153 657 221 709 τοις
244 624 381 717 χρόνος,
412 624 491 709 τοιίς
517 624 724 709 εἰπόντος’
706 623 855 708 υπάτους
880 655 924 709 ως
946 620 991 698 ἂν
1014 623 1124 707 αότοίς

119 748 134 796 5
155 726 313 820 κράτιστα
345 730 430 818 δοκῇ
456 731 544 811 ἕξειν
569 729 763 799 ἐπιτελέσαι.
809 723 889 799 οὔτε
915 725 979 819 γάρ
1003 725 1124 817 ὀλίγων

117 900 121 906 ,
153 832 336 919 τηλικαῦτα
353 827 531 920 πράγματα
551 835 658 901 δεῖται
676 825 819 920 χρόνων,
838 825 917 899 οὔτε
934 824 955 919 ἦ
970 832 1037 899 νῦν
1051 852 1122 899 στα-

153 929 312 1014 σιάζουσα
330 926 415 1021 άρχη
432 928 686 1022 φρονιμώτερον
709 924 752 1000 biv
771 927 960 1019 καταμάθοι
984 928 1026 1000 τά
1043 953 1122 1019 συμ-

153 1032 300 1120 φέροντα
334 1034 392 1119 τῆς
427 1028 501 1121 μετ’
538 1028 646 1121 αὐτὴν
670 1028 1014 1121 ’ἀποδειχθησομένης
1021 1085 1031 1120 ,
1067 1028 1122 1101 ἐάν

42 1158 47 1164 ·
154 1136 264 1219 ἐκείνη
296 1158 335 1219 γε
368 1128 479 1223 ὥσπερ
511 1138 686 1223 ἐλπίζομεν
715 1128 849 1224 ὁμονοῇ.
896 1131 1058 1225 χρήσιμον
1087 1132 1123 1203 δέ

105 1251 137 1299 10
154 1237 290 1322 πρᾶγμα
315 1236 352 1302 ἐν
374 1243 509 1326 πολλοῖς
534 1236 590 1305 καί
614 1233 734 1323 ἥκιστα
765 1231 935 1327 σφαλερόν
961 1231 1122 1323 άυαβολή,

154 1338 210 1405 καὶ
233 1330 341 1406 πολλά
365 1331 383 1405 ὁ
406 1334 524 1428 χρόνος
549 1340 587 1407 ἐν
609 1331 717 1428 ἡμέρα
739 1340 799 1429 μιᾷ
823 1343 1036 1425 μετατίθησι·
1069 1338 1124 1405 καί
1148 1375 1152 1385 x

152 1433 257 1525 τὸμὴ
283 1434 458 1522 στασιάζον
487 1442 524 1509 ἐν
553 1454 623 1519 τοίς
653 1434 872 1530 προεστηκόσι
901 1440 970 1507 τοῖν
986 1442 1123 1528 κοινάν

153 1532 311 1608 ἁπάντων
336 1533 477 1627 άγαθων
501 1543 538 1610 ἐν
560 1556 633 1620 ταῖς
655 1539 794 1610 πόλεσιν
811 1550 927 1610 αἰτιον.
974 1537 1039 1626 ἐγώ
1063 1539 1123 1627 μὲν

154 1637 197 1728 δὴ
225 1637 351 1727 ταύτην
385 1639 615 1731 ἀποφαίνομαι
639 1638 803 1730 1γυω’μην·
846 1646 876 1710 εἰ
901 1641 941 1710 δέ
966 1669 1016 1722 τις
1040 1636 1122 1709 άλλο

104 1758 135 1806 15
154 1757 305 1832 κρείττον
324 1747 504 1830 εἰσηγεῖται
522 1744 654 1832 λεγέτω.
997 1771 1001 1775 ·

228 1841 378 1913 LXXVI.
414 1846 642 1934 Παυσαμένου
667 1838 835 1913 δέαότοῦ
858 1840 963 1926 πολύς
988 1850 1120 1926 ἔπαινος
1128 1862 1179 1911 1694

153 1948 190 2014 ἐκ
198 1943 455 2033 τωνπαρόντων
469 1948 612 2033 ἐγένετο,
622 1948 679 2015 καὶ
692 1941 809 2026 οὐθεὶς
823 1949 891 2016 τοῖν
904 1943 975 2036 μετ’
994 1949 1119 2017 ἐκεῖνον

153 2046 394 2132 ἐρωτηθέντων
412 2046 530 2134 ἑτέραν
547 2045 687 2136 γνώμην
700 2043 940 2136 άποφαίνεται·
960 2046 1119 2139 γράφεται

154 2144 196 2232 δὴ
214 2141 297 2232 μετά
314 2149 419 2215 ταῦτα
437 2144 474 2216 τό
487 2149 545 2235 της
563 2152 688 2236 βουλῆς
708 2146 815 2237 δόγμα
831 2146 978 2219 τοιόνδε·
998 2146 1119 2239 ἄνδρας

101 2263 134 2310 20
153 2248 189 2315 ἐκ
206 2249 276 2316 τῶν
298 2241 473 2320 ὑπατικῶν
495 2245 745 2338 άποδειχθῆναι
770 2251 850 2320 δέκα
873 2248 952 2330 τούς
975 2260 1117 2341 πρεσβυ-

151 2345 285 2437 τάτους,
310 2354 431 2432 οἵτινες
448 2345 623 2442 ὁρίσαντες
646 2347 710 2439 τὴν
727 2356 893 2439 δημοσίαν
910 2349 1023 2442 χάραν
1040 2348 1116 2422 άπο-

152 2453 333 2538 δείξουσιν,
351 2447 435 2540 ὅσην
450 2480 487 2522 τε
505 2458 558 2522 δεῖ
574 2454 785 2541 μισθοῦσθαι
799 2454 855 2523 καὶ
868 2451 952 2540 ὅσην
964 2457 1012 2546 τῷ
1026 2452 1115 2548 δήμω

152 2555 380 2641 διαιρεθῆναι·
407 2568 476 2634 τοίς
501 2553 539 2623 δὲ
564 2560 768 2642 ἰσοπολίταις
791 2580 828 2622 τε
850 2555 906 2624 καὶ
924 2552 1113 2644 συμμάχοις,

151 2648 211 2721 ἐάν
222 2679 299 2720 τινα
310 2648 452 2742 ὕστερον
464 2652 704 2744 ἐπικτήσωνται
717 2657 815 2743 κοινῆ
828 2653 1113 2780 στρατευσάμενοι,

99 2767 134 2814 25
152 2779 189 2821 το
176 2747 424 2837 ἐπιβάλλον
408 2752 556 2835 εκάστοις
581 2753 664 2826 κατά
681 2754 739 2837 τάς
763 2753 974 2844 ὁμολογίας
956 2755 1113 2847 υπάρχειν

149 2853 264 2943 μέρος·
292 2880 354 2940 την
379 2853 416 2922 δὲ
434 2860 565 2945 αἵρεσιν
588 2885 657 2926 των
680 2854 818 2948 άνδρων
843 2855 956 2926 καὶ
920 2886 982 2945 την
1008 2863 1112 2983 διανρ-

149 2983 217 3044 μην
234 2982 304 3025 των
326 2952 459 3044 κλήρων
482 2958 538 3027 καί
560 2947 705 3028 τάλλα”
687 2980 751 3028 οσα
776 2965 831 3028 δεῖ
850 2961 1011 3046 γενέσθαι
1039 2958 1111 3042 τούς

75 3081 78 3088 ·
151 3052 316 3136 εἰσιόντας
341 3056 567 3128 ἐπιτελέσαι
548 3057 706 3141 υπάτους.
751 3063 848 3131 τοῦτο
877 3058 914 3130 τό
939 3057 1046 3168 δόγμα
1069 3069 1111 3144 εἰς

149 3152 208 3225 τὸν
233 3159 341 3244 δῆμον
365 3161 557 3250 εἰσενεχθὲν
585 3159 645 3230 τόν
667 3190 704 3232 τε
727 3159 878 3231 Κάσσιον
911 3149 1095 3232 ἔπαυσε
1058 3192 1112 3286 της

99 3270 132 3318 30
152 3260 381 3377 δημαγωγίας,
406 3263 462 3328 και
479 3258 541 3348 τὴν
558 3257 896 3352 άναρριπιξομένηυ’
879 3291 916 3332 εκ
932 3291 1000 3334 των
1018 3290 1112 3353 πενη·

151 3384 220 3427 των
237 3354 355 3428 στάσιν
372 3355 435 3430 οόκ
454 3371 547 3431 εἴασε
564 3364 749 3453 περαιτέρω
767 3373 958 3454 προελθεῖν.

226 3457 391 3527 LXXVII.
418 3467 471 3555 Τῷ
490 3459 521 3530 δ’
545 3464 618 3550 ἑξῆς
638 3465 780 3558 ἐνιαυτῷ
798 3470 856 3555 τῆς
874 3468 1111 3557 ἑβδομηκοστῆς
