2384 3850
343 12 375 101 ἰ’

75 297 143 361 νην,
160 265 298 360 φύσεως
315 295 352 339 τε
368 263 493 357 νόμους
511 264 663 358 ἀνακαλῇ
680 268 737 338 καλ
753 270 833 359 περί
848 269 917 340 τῶν
933 263 1037 340 ὁσίων

75 372 223 463 διαλέγῃ,
250 374 360 461 φαίνη
383 397 440 459 μοι
462 367 503 439 τά
525 366 701 440 κοινότατα
723 369 780 438 καὶ
803 361 870 440 ἀπό
893 369 1037 459 μηδενὸς

74 468 337 563 ἀγνοούμενα’
294 498 396 561 μονος
413 465 565 560 ἀγνοεῖν
584 466 635 540 ὅτι
652 467 689 540 τὸ
707 464 860 559 φίλιον“
839 499 861 559 η
878 472 1038 561 πολέμιον

74 572 145 646 τότε
173 571 283 657 ὄφεως
312 569 413 662 ὁρίζει
436 568 605 664 χαρακτὴρ
633 568 712 641 οότε
740 566 903 660 ὀνόματος
928 574 1083 660 θέσις,

74 674 151 746 ἀλλά
172 690 247 758 ταῖς
270 680 397 764 χρείαις
418 675 476 743 καὶ
497 689 568 755 τοῖς
592 679 703 764 ἔργοις
727 676 886 761 δηλοῦται
909 670 1037 745 τούτων
1071 697 1089 746 5

76 775 245 868 ἑκάτερον,
274 774 443 900 φιλοῇμέν
464 801 501 845 τε
531 772 655 855 πάντες
683 772 724 843 τά
754 768 951 863 ὠφελοῦντα
980 777 1037 845 καὶ

21 897 67 948 1581
75 899 231 968 μισονμεν
246 874 288 946 τά
305 872 514 965 βλάπτοντα,
537 871 602 947 ούκ
618 872 814 967 ἀνθρώπων
836 902 939 946 τινων
956 872 1038 965 ἡμῖν

75 978 166 1051 τόνδε
189 978 348 1068 θεμένων
370 974 430 1049 τόν
452 974 575 1067 νόμον,
606 973 688 1047 οὐδὲ
702 1055 704 1062 ¹
719 973 932 1048 ἀνελούντων
958 977 1038 1050 ποτδ

77 1077 173 1152 αὐτὸν
189 1076 249 1151 έάν
263 1075 425 1150 τάναντία
438 1074 552 1161 αύτοῖς
566 1081 662 1169 δοκῇ,
676 1073 753 1149 ἀλλ’
765 1075 833 1148 ἀπό
847 1081 905 1168 τῇς
923 1081 1037 1168 κοινῆς

76 1178 203 1270 φύσεως
221 1183 254 1264 ἐξ
274 1176 420 1262 ἅπαντος
441 1182 503 1251 τού
518 1176 642 1272 χρόνον
660 1183 745 1250 πᾶσι
757 1195 827 1262 τοῖς
846 1176 1037 1269 αἰσθήσεως
1056 1204 1088 1252 10

76 1279 285 1373 μετειληφόσι
302 1287 459 1372 κείμενον
476 1281 532 1351 καὶ
552 1287 601 1363 είς
616 1276 670 1351 ἀεὶ
688 1282 911 1371 διαμενοῦντα
927 1307 1038 1374 παρα-

76 1383 243 1473 λαβόντες·
278 1384 335 1454 καὶ
364 1381 421 1454 διά
448 1384 547 1454 τούτο
570 1390 692 1472 φίλους
720 1410 757 1454 τε
780 1379 1036 1474 ἀπαρνούμεθα,

77 1483 151 1556 όταν
166 1481 364 1575 ἀδικήσωσι,
378 1485 435 1556 καὶ
450 1481 593 1575 ἐχθρούς
606 1491 727 1573 φίλους
741 1480 942 1572 ποιούμεθα,
956 1481 1038 1554 ὅταν

77 1613 122 1669 τις
142 1585 222 1677 ἡμῖν
245 1583 326 1673 παρ’
358 1582 472 1657 αὐτῶν
494 1581 627 1676 ἀπάρξη
650 1581 763 1675 χάρις,
795 1579 894 1653 πόλιν
916 1609 953 1653 τε
975 1582 1038 1673 τὴν

78 1691 271 1779 γειναμένην
287 1681 391 1777 ῇμάς,
416 1682 497 1758 ὅταν
519 1687 582 1776 μὲν
602 1680 717 1776 ιόφελῇ
735 1685 933 1776 στέργομεν,
956 1681 1038 1756 ὅταν
1057 1707 1089 1758 15

80 1791 115 1858 δὲ
129 1788 259 1880 βλάπτῃ
276 1792 531 1878 καταλείπομεν,
549 1783 591 1858 ού
610 1784 672 1858 διά
683 1785 743 1860 τὸν
759 1783 862 1858 τόπον
879 1784 1038 1876 ἀγαπῶν-

77 1888 250 1982 τεςαύτῇν,
268 1885 353 1961 ἀλλά
362 1888 463 1962 διάτό
474 1890 658 1980 συμφέρον
677 1890 734 1961 καὶ
742 1886 817 1980 ούχλ
825 1902 894 1971 τοῖς
903 1887 965 1979 μέν
975 1893 1037 1959 ἰδι-

25 2009 72 2062 1582
80 2020 169 2076 ωταις
182 1991 289 2076 οὕτως
309 1994 480 2083 ἐπέρχεται
490 1988 573 2063 καθ
591 1994 653 2062 ενοι
663 2005 822 2084 φρονεῖν,
838 1988 914 2082 οάγδ
932 1990 971 2061 δέ
979 1993 1038 2061 και
1145 2013 1152 2089 J

21 2263 22 2306 η
79 2222 168 2283 μενος
180 2192 261 2268 οάδδ
262 2226 285 2267 ν
287 2199 420 2321 έξφ”
375 2224 444 2267 των
455 2200 564 2267 θείων
574 2189 665 2279 ἀξιοῖ
673 2200 835 2285 νομίμων,
848 2191 930 2264 οὐδὲ
947 2192 1046 2286 παρὰ
1056 2216 1090 2264 20

79 2296 134 2385 τὴν
146 2295 262 2388 κοινῇν
279 2294 438 2370 ἀπάντων
455 2292 650 2389 ἀνθρώπων
662 2309 752 2377 ποιεῖ
766 2300 951 2364 δικαίωσιν.
972 2292 1037 2381 έγω

81 2398 135 2485 μὲν
150 2399 193 2489 δῇ
209 2426 314 2471 ταντα
330 2396 517 2490 πράττοντα
534 2393 736 2487 έμαντδν’
695 2424 736 2466 τα
752 2422 789 2465 τε
808 2390 956 2465 δίκαια
938 2397 1038 2515 ηγού-

81 2528 133 2587 μαι
154 2497 312 2593 πράττειν
341 2503 398 2571 καλ
426 2498 467 2570 τά
491 2500 708 2593 συμφέροντα
730 2498 787 2567 καὶ
809 2492 850 2565 τά
873 2489 959 2565 καλά
981 2496 1039 2565 καὶ

82 2597 140 2725 ἅμα
155 2606 261 2674 ταῦτα
283 2604 339 2672 καλ
358 2599 421 2693 [τά]
446 2597 530 2691 πρός
553 2599 632 2724 τφύς
650 2595 754 2680 θεούς
777 2592 956 2669 ὁσιωτατα
980 2599 1039 2667 καὶ

82 2728 115 2772 ον
104 2700 248 2794 ’δέομαι
265 2700 421 2785 δικαστάς
438 2697 581 2793 όπδρ’
539 2729 652 2773 αντων
665 2707 788 2794 λαβεῖν
800 2697 879 2781 τούς
893 2700 1040 2794 εἰκασμῷ
1056 2720 1090 2770 ιο
1111 2736 1115 2741 ·
1132 2744 1135 2747 «

83 2807 131 2875 καί
147 2804 226 2897 δόξη
249 2801 588 2895 τεκμαιρομένους
551 2832 614 2893 την
635 2800 800 2893 ἀλήθειαν
822 2798 1038 2891 ἀνθρώπους,

85 2904 189 2995 ἐπειδὴ
209 2918 306 2989 θεοῖς
329 2904 513 2998 ἀρέσκοντα
535 2903 686 3001 πράττω.
718 2900 759 2975 ού
777 2901 842 3027 γάρ
860 2898 1038 2983 ἀδυνάτοις

85 3008 253 3100 ἐπιχειρεῖν
268 3004 497 3098 ὑπολαμβάνω
514 3005 685 3099 πράγμασι
702 3001 805 3085 θεονς
824 3009 909 3092 ἔχων
926 2998 1040 3072 αύτων

85 3104 256 3232 ἡγεμόνας,
282 3119 351 3200 ελγε
369 3115 424 3181 δεῖ
438 3117 676 3201 τεκμαίρεσθαι
695 3121 763 3189 τοῖς
780 3102 957 3195 γεγονόσιν
974 3100 1040 3192 ἤδη

86 3236 120 3277 τα
108 3208 306 3299 μέλλοντα.
1056 3227 1089 3275 30

153 3313 292 3383 XXXV.
320 3315 407 3406 Περὶ
426 3313 521 3384 δέ
481 3341 540 3438 της
557 3308 778 3401 μετριότητος,
798 3302 894 3397 έφ’“
871 3335 915 3395 ην
931 3331 1039 3393 παρα-

88 3420 208 3488 καλεῖτέ
227 3446 286 3508 με,
317 3418 373 3488 καὶ
395 3417 456 3487 τού
478 3444 524 3504 μη
548 3410 725 3506 πρόρριζον
748 3408 882 3481 ἀνελεῖν
904 3404 941 3476 τό
960 3403 1038 3475 Ρω-
