2384 3850
451 156 657 220 ..H-

71 330 194 409 θέντας
217 322 284 398 ὑπὸ
313 328 374 398 τοῦ
396 326 573 417 δημάρχου
603 326 741 417 λόγους,
773 326 830 399 ὅτε
853 326 951 420 ήρετο
974 336 1042 403 τοῖν

71 428 212 501 ὑπάτων
228 428 287 500 τόν
304 432 420 519 ἕτερον
435 432 555 502 τοῦτον
576 425 795 520 Οὐεργίνιον,
820 429 939 519 ήντινα
956 432 1043 520 γνά·

16 556 61 602 ιοοι
73 560 139 621 μην
157 537 225 621 ἔχει
249 532 325 623 περὶ
348 534 408 620 τῆς
425 537 642 622 κληρουχίας,
666 529 790 622 πότερα
812 548 882 613 τοῖς
904 533 967 622 μέν
985 561 1042 603 πο·

72 642 178 714 λίταις
197 648 366 723 συγχωρεῖ
382 634 553 722 διανέμειν
569 630 612 706 τά
631 630 789 722 δημόσια,
814 651 884 715 τοῖς
903 635 941 703 δέ
957 657 1040 722 συμ-

70 731 189 824 μάχοις
211 730 274 805 οόκ
297 737 352 826 έηῖ,
383 729 498 823 ήτοῖν
520 738 645 807 κοινάν
667 738 736 805 τῶν
762 730 934 826 ἡμετέρων
957 730 1060 814 αδδς

71 831 155 924 ἡμῖν
177 850 346 925 συγχωρεῖ
366 838 465 929 μέρος
489 834 681 926 λαγχάνειν.
721 836 778 906 καὶ
800 827 898 918 οὗτος
917 832 1042 926 άμολό·

71 958 156 1024 γησε
172 933 210 1007 τδ
227 934 306 1009 καθ’
326 932 413 1027 ήμᾶς
429 938 530 1029 μέρος
543 934 585 1009 οὗ
600 934 744 1012 κωλύειν
756 940 815 1026 τής
830 945 1042 1029 κληρουχίας,

74 1037 133 1109 ἐὰν
151 1041 233 1109 πᾶσι
250 1042 354 1109 ταῦτα
377 1036 536 1131 κράτιστα
561 1039 648 1111 εἶναι
672 1043 773 1129 δοκῇ·
801 1042 858 1110 καὶ
875 1037 896 1127 ή
914 1037 1043 1129 συγχεό-

73 1159 169 1228 ρησις
193 1135 255 1230 ήδε
277 1138 356 1221 τούς
378 1166 416 1211 τε
441 1138 631 1233 δημάρχους
656 1144 813 1230 ἐποίησεν
836 1136 917 1231 ήμῖν
940 1163 1043 1211 συνα·

72 1238 240 1339 γωνιστᾷς
262 1242 319 1313 καλ
335 1237 397 1313 τόν
421 1245 528 1331 δήμον
546 1244 799 1335 ἐπιεικέστερον.
838 1249 872 1313 τί
893 1231 957 1313 οὖν
982 1271 1043 1332 μα·
1062 1272 1095 1321 10

71 1340 195 1423 θόντες
221 1338 243 1411 ἃ
273 1340 348 1417 τότε
375 1341 660 1435 συνεχωρήσαμεν
688 1352 756 1416 νῦν
780 1340 1041 1433 ἀναθησόμεθας

73 1437 94 1530 ἦ
111 1449 150 1542 τί
164 1445 268 1517 πλέον
284 1438 366 1533 ήμῖν
390 1451 482 1516 ἔσται
498 1442 540 1514 τά
557 1461 698 1532 γενναῖα
716 1448 773 1515 καὶ
789 1444 830 1514 τὰ
848 1441 933 1515 καλά
950 1454 1042 1515 πολι-

73 1542 222 1634 τεύματα
239 1546 295 1614 καὶ
311 1542 389 1629 ἄξια
405 1549 464 1635 τῆς
481 1541 661 1635 ἡγεμονίας
678 1547 964 1634 πολιτευομένοις,
984 1542 1044 1617 έάν

73 1643 120 1735 μή
146 1652 322 1735 πείθωμεν
348 1645 427 1729 τούς
451 1647 696 1739 χρησομένουςς
732 1642 773 1716 οό
804 1651 964 1734 πείσομεν
994 1647 1042 1734 δέ,

74 1749 133 1816 καλ
151 1751 249 1817 τοότο
268 1745 380 1830 οὐδεὶς
397 1744 496 1838 ὑμῶν
513 1746 636 1837 ἀγνοεῖ.
678 1745 904 1837 χαλεπάτεροι
919 1744 983 1838 γάρ
1001 1738 1044 1817 άν
1064 1776 1095 1824 15

11 1852 147 1922 ιιειτεᾶυ
176 1848 222 1939 μή
253 1848 490 1941 τυγχανόντων
520 1847 749 1940 ἀπαντήσειεν
779 1856 814 1921 οί
837 1851 1044 1934 ψευσθέντες

11 1982 12 2009 1
73 1957 135 2041 τῆς
159 1954 293 2032 ἐλπίδος
323 1953 379 2024 καλ
408 1950 449 2022 τά
474 1954 726 2041 ὁμολογηθέντα
751 1950 796 2040 μή
826 1949 1042 2042 κομιζόμενοι.
1084 2017 1088 2026 ,

74 2050 244 2142 οἰχήσεται
262 2050 305 2141 δή
323 2051 427 2126 πάλιν
442 2056 558 2144 φέρων
582 2050 705 2136 αότοδς
721 2048 740 2123 δ
757 2052 799 2125 τδι
816 2051 899 2144 πρός
916 2049 1045 2141 ἡδονήν

74 2151 352 2245 πολιτευόμενος,
371 2157 426 2226 καὶ
444 2153 526 2226 οὐδέ
543 2158 612 2227 τάν
631 2153 812 2245 δημάρχων
829 2183 878 2235 τις
898 2161 945 2224 έτι
963 2148 1042 2242 μεθ’

75 2255 173 2345 ήμων
191 2254 355 2343 στήσεται.
398 2263 436 2328 τί
449 2245 513 2330 οὖν
535 2251 620 2346 ὑμῖν
637 2253 795 2346 πράττειν
817 2259 970 2345 παραινῶ
989 2256 1045 2324 καὶ
1064 2281 1097 2330 ευ

75 2364 110 2428 τί
124 2359 332 2448 προστίθημι
354 2361 396 2448 τή
417 2355 560 2431 Ἀππίου
582 2353 699 2446 γνόμη
722 2352 866 2444 μάθετε,
894 2349 978 2423 ἀλλὰ
1000 2353 1045 2442 μὴ

76 2460 345 2548 προεξαναστῆτε
362 2459 449 2549 μηδὲ
465 2455 681 2550 θορυβήσητε
699 2457 780 2547 πρὶν
797 2451 929 2526 ἅπαντα
946 2449 1045 2523 άκοό-

76 2582 157 2648 σητε
176 2555 198 2629 δ
214 2562 310 2648 λέγω,
356 2578 425 2642 τοῖς
443 2560 718 2651 αἱρεθησομένοις
742 2559 796 2628 έπῖ
819 2553 880 2645 τήν
899 2557 1046 2639 ἐξέτασιν

75 2665 135 2749 τῆς
152 2658 263 2750 χάρας
280 2665 336 2734 καὶ
354 2661 572 2754 περιορισμὸν
595 2669 662 2732 εἴτε
688 2660 769 2730 δέκα
793 2654 961 2750 άνδράσιν
976 2650 1043 2750 είθῗ

76 2758 298 2849 δσοισδήποτε
328 2765 524 2854 ἐπιτρέψατε
548 2764 750 2850 διαγνῶναι,
783 2767 860 2834 τίνα
882 2789 919 2834 τε
944 2757 1046 2848 αὐτῆς
1065 2781 1098 2830 25
1178 2829 1179 2856 ,

78 2865 206 2935 δεῖκαὶ
221 2858 351 2954 ὁπόσην
373 2861 491 2951 κοινήν
508 2863 595 2937 εἶναι
613 2860 749 2936 πάντων
780 2865 836 2932 καὶ
862 2858 945 2931 κατά
969 2887 1047 2929 πεν-
1177 2869 1179 2942 ἶ

78 2970 214 3036 ταετίαν
229 2968 464 3056 μισθουμένην
488 2962 604 3048 αὔξειν
620 2960 680 3048 τάς
696 2967 757 3036 τοῦ
773 2967 923 3053 ταμιείου
947 2980 1047 3049 προσ·

79 3065 194 3151 όδους·
223 3061 351 3156 ὁπόσην
366 3065 397 3137 τ’
419 3057 464 3138 αὖ
481 3068 538 3140 καὶ
555 3063 674 3154 ήντινα
691 3079 760 3146 τοῖς
778 3060 935 3152 δημόταις
953 3058 1048 3150 ἡμῶν
1176 3055 1178 3126 λ

81 3171 310 3256 διαιρεθῆναι·
329 3164 373 3259 ήν
391 3164 425 3238 δ’
444 3163 487 3239 ἂν
505 3170 628 3238 ἐκεῖνοι
646 3169 833 3256 κληροῦχον
846 3161 1048 3246 ἀποδείξωσι

82 3272 156 3357 γήν,
173 3263 262 3358 ὑμᾶς
281 3267 481 3358 διαγνόντας
500 3279 566 3340 είτε
582 3263 712 3340 ἅπασιν,
727 3276 793 3337 εἴτε
810 3261 860 3350 οἷς
878 3263 921 3354 δή
935 3260 1043 3334 οὐκέτ’
1066 3283 1100 3335 30
1175 3223 1177 3270 ³

16 3379 74 3432 1693
86 3376 153 3439 ἔστι
179 3375 301 3461 κλῆρος
329 3381 396 3442 είτε
417 3386 489 3452 τοῖς
506 3366 680 3458 ἐλάχιστον
704 3373 818 3457 έχουσι
835 3371 959 3454 τίμημα
978 3361 1044 3432 είθ’
1169 3371 1176 3450 ,ἵ

82 3467 172 3552 ὅπως
207 3466 252 3543 ἂν
286 3470 458 3560 βούλησθε
493 3465 704 3558 κατανεῖμαι·
744 3466 824 3546 τοὺς
852 3467 889 3534 δέ
914 3460 1049 3553 όριστάς
1169 3451 1176 3548 ή
