2384 3850
11 272 103 339 ῖ4καὶ
127 267 243 357 έπειδή
271 277 408 359 ἔκριναν
425 266 465 352 ἀς
489 269 551 360 χρὴ
579 269 772 358 ἀποκρίσεις
795 268 1012 360 ποιήσασθαι,

43 374 245 452 καλέσαντες
269 370 392 452 αὐτούς
416 369 519 442 πάλιν
542 374 597 442 ἐπὶ
619 371 679 442 τὸν
703 370 868 460 σύλλογον
887 369 1014 461 ταύτην

43 478 170 542 ἔδοσαν
185 471 249 560 τήν
265 469 446 561 ἀπόφασιν.
485 469 536 543 Οὐ
554 470 742 544 λανθάνετε
759 467 862 560 ήμάς,
882 465 907 542 ὐ
927 469 1014 544 Οὐο-

43 576 200 660 λούσκοι,
231 581 345 662 φιλίας
370 575 433 663 μὲν
455 571 558 644 οὐδέν
582 573 752 664 δεόμενοι,
785 570 955 662 πρόφασιν
979 570 1012 643 δ’
1182 647 1183 674 1

44 671 201 764 εὐπρεπῆ
230 683 349 764 λαβεῖν
379 673 577 764 βουλόμενοι
606 680 667 746 τού
691 677 864 764 πολέμου.
896 669 918 743 ἀ
948 673 1013 763 γάρ
1048 700 1065 748 5
1182 683 1183 762 λ

42 773 143 863 ήκετε
159 772 240 866 παρ’
260 775 357 865 ήμύν
373 773 611 864 ἀπαιτοῦντες,
629 782 737 859 καλῶς
757 780 939 846 ἐπίστασθε
956 771 1013 846 οὐ·
1182 767 1183 776 ¹

43 880 164 948 δέποτε
182 876 380 967 ληψόμενοι·
407 875 542 968 χρήζετε
565 876 629 970 γάρ
647 874 775 948 ἀδίκων
797 904 834 947 τε
858 878 913 946 καὶ
931 873 1012 947 ἀδν-

42 975 165 1048 νάτων.
212 985 243 1047 εί
265 980 327 1069 μέν
351 969 414 1050 οὐν
438 976 553 1061 δόντες
582 977 664 1069 ήμῖν
686 977 726 1050 τά
749 986 871 1070 χωρία,
899 985 1011 1049 ἔπειτα

42 1077 230 1168 μεταδόξαν
247 1076 331 1170 ὑμῖν
347 1083 413 1150 νύν
430 1079 611 1170 ἀπαιτεῖτε,
629 1077 805 1152 ἀδικεῖσθε
822 1078 867 1169 μή
886 1078 1012 1169 κομιζό-
1182 1147 1183 1172 ,

42 1200 154 1268 μενοι·
191 1187 222 1252 εί
253 1182 290 1250 δέ
321 1184 454 1276 πολέμφ
484 1178 728 1272 ἀφαιρεθέντες
758 1179 870 1252 οὐκέτι
900 1183 1012 1252 αὐταῖν
1031 1205 1063 1253 10
1182 1181 1183 1236 ί

41 1280 138 1362 ὅντες
173 1280 301 1370 κύριοι,
337 1279 482 1353 ἀδικεῖτε
515 1287 583 1356 τῶν
613 1280 798 1375 ἀλλοτρίων
834 1285 1010 1371 ἐφιέμενοι.
1182 1275 1183 1302 ³

41 1381 140 1472 ἡμεῖς
159 1384 196 1452 δὲ
214 1390 392 1469 κρατίστας
409 1383 585 1473 ἡγούμεθα
604 1384 747 1475 κτήσεις,
766 1381 805 1466 ἀς
822 1378 865 1454 ἀν
878 1385 1011 1476 πολέμῳ
1062 1427 1064 1434 ,
1182 1367 1183 1428 ἐ

41 1482 268 1573 κρατήσαντες
285 1483 459 1575 λάβωμεν,
484 1483 563 1556 οὐτε
581 1490 707 1575 πρῶτοι
724 1483 1012 1573 καταστησάμενοι

41 1584 148 1672 νόμον
164 1583 280 1675 τόνδε,
299 1583 377 1657 οὐτε
395 1583 500 1657 αὐτόν
517 1580 711 1676 ἀνθρώπων
727 1581 907 1676 ήγούμενοι
925 1583 1011 1654 εἶναι
1182 1656 1183 1674 3

41 1690 170 1774 μᾶλλον
193 1681 214 1774 ή
238 1683 314 1777 οὐχὶ
332 1693 441 1758 θεύν·
468 1685 618 1769 ἀπαντάς
642 1716 678 1758 τε
703 1685 932 1774 καδἝλληνας
955 1687 1012 1754 καὶ
1030 1707 1062 1756 15

41 1785 236 1878 βαρβάρους
255 1787 379 1871 εἰδότες
404 1787 495 1883 αὐτῷ
514 1791 705 1879 χρωμένους
728 1783 791 1858 οὐκ
815 1783 858 1858 ἀν
882 1791 1011 1876 ένδοίη·

41 1917 105 1979 μεν
123 1883 207 1979 ύμῖν
224 1889 375 1980 μαλακὸν
397 1887 517 1979 οὐδέν,
541 1888 617 1962 οὐδ’
644 1885 687 1962 ἀν
711 1886 939 1980 ἀποσταίημεν
963 1895 1011 1959 έτι

40 1995 112 2060 τύυ
130 1990 352 2081 δορνκτήτων.
386 1990 491 2081 πολλή
509 1992 573 2083 γάρ
597 1990 710 2081 ἀνείη
729 1990 887 2081 κακότης,
915 2002 1010 2073 εἴτις

40 2089 160 2182 ἀμπ’
186 2091 306 2182 ἀρετής
335 2096 393 2163 καὶ
418 2092 577 2182 ἀνδρείας
607 2094 782 2184 ἐκτήσατο,
813 2098 919 2163 ταῦτα
942 2088 1009 2162 ὐπὸ
1182 2164 1183 2169 ,

13 2203 170 2284 ομωρίας
183 2223 219 2265 τε
232 2197 289 2265 καὶ
302 2201 428 2276 δειλίας
441 2193 652 2286 ἀφαιρεθείη.
669 2204 826 2285 πολεμεῖν
835 2222 871 2264 τε
880 2191 957 2264 οὐτε
966 2191 1010 2283 μή
1029 2217 1062 2266 20
1182 2206 1183 2237 ³

39 2298 267 2384 βουλομένους
276 2293 364 2385 ὑμᾶς
372 2292 612 2386 ἀναγκάζομεν,
622 2294 700 2366 οὐτε
708 2296 1010 2383 προθυμουμένους
1182 2296 1183 2305 ³

38 2395 314 2486 παραιτούμεθα,
338 2392 382 2467 ἀν
406 2398 444 2469 δὲ
466 2395 615 2487 ἄρξησθε
639 2392 870 2486 ἀμυνούμεθα.
907 2398 1010 2463 ταύτα

40 2494 1011 2587 Οὐολούσκοιςάπαγγέλλετε,καὶλέγετε,ὃ’τιλήψουταιμδν

38 2597 197 2687 πρότεροι
214 2599 256 2670 τά
272 2598 359 2671 ὅπλα
377 2602 510 2688 ἐκεῖνοι,
524 2598 677 2689 θήσομεν
697 2599 735 2670 δὲ
752 2592 847 2686 ήμεῖς
864 2594 1008 2686 ὕστεροι.
1182 2664 1183 2691 3

119 2700 176 2769 xl.
208 2700 338 2783 Ταύτας
356 2706 392 2771 οί
408 2705 566 2791 πρέσβεις
589 2698 647 2782 τάς
669 2697 863 2789 ἀποκρίσεις
887 2697 1011 2788 λαβόν-
1028 2722 1061 2771 25
1182 2706 1183 2781 f

37 2828 95 2881 τες
113 2799 321 2891 ἀπήγγειλαν
336 2806 384 2897 τῷ
400 2802 523 2891 πλήθει
541 2806 611 2873 τύυ
630 2800 864 2874 Οὐολούσκων.
909 2821 1010 2871 συνα-
1182 2810 1183 2845 ῑ

37 2911 184 2994 χθείσης
203 2894 266 2975 οὐν
288 2894 389 2987 αὐθις
408 2908 599 2994 ἐκκλησίας,
625 2902 706 2994 μετά
728 2907 826 2973 τούτο
849 2904 1011 2989 κυροῦται

39 3002 152 3095 δόγμα
183 3005 297 3077 κοινὸν
327 3010 387 3077 τού
411 3014 534 3087 ἔθνους
558 3022 733 3096 προειπεῖν
754 3002 924 3092 Ῥωμαίοις
952 2998 1010 3071 τὸυ

37 3105 198 3196 πόλεμον.
225 3114 338 3177 ἔπειτα
355 3112 529 3197 αίροῦυται
543 3102 747 3195 στρατηγούς
766 3100 1011 3195 αὐτοκράτορας

36 3211 101 3278 τού
118 3212 266 3298 πολέμου
290 3207 423 3280 Τύλλου
445 3207 561 3278 τεκαὶ
585 3205 759 3294 Μάρκιον,
792 3203 951 3294 δυνάμεις
974 3232 1010 3274 τε
1028 3227 1062 3275 30

38 3317 243 3399 ψηφίζονται
261 3308 490 3399 καταγράφειν
513 3311 571 3379 καί
595 3306 747 3397 χρήματα
766 3310 936 3396 εἰσφέρειν
954 3308 1010 3374 καὶ

35 3402 144 3481 τάλλα
162 3411 484 3502 παρασκευάσασθαι
507 3409 596 3480 ὅσων
615 3405 856 3496 ὑπελάμβανον
876 3405 1010 3494 δεήσειν

92 3556 174 3591 mon.
188 3555 234 3591 111.
837 3517 856 3579 8
966 3553 969 3558 '
