2384 3850
43 284 135 365 βηκε.
188 284 224 346 τί
250 267 313 348 οὖν
342 272 427 367 ὑμῖν
456 281 686 368 ἐπισταμένοις
720 281 826 348 ταῦτα
860 279 1015 366 παραινιό

43 376 219 468 πράττειν,
254 381 311 448 καὶ
341 387 417 450 τίνα
447 377 586 469 γνόμηυ
621 373 706 469 ὑπὲρ
737 383 806 448 τῶν
836 377 1014 469 παρόντων

21 477 292 569 ιάποφαίνομαι;
325 477 404 550 ὅσα.
416 482 480 570 μέν
507 485 712 570 ἐχαρίσασθε
741 483 798 550 καὶ
824 477 1014 570 συνεχωρή·

43 603 121 650 σατε
145 579 307 674 τῷδήμῳ
330 581 392 670 τήν
415 591 544 673 ἔχθραν
563 579 834 671 διαλλαττόμενοι
857 576 1015 668 ὁπωσδή-

43 708 124 752 ποτε
142 680 324 770 φυλάττειν
341 681 458 775 κόρια,
490 687 547 754 καὶ
563 681 609 773 μή
635 681 732 754 λόειν
749 687 818 754 τεόν
841 680 914 752 τότε
932 705 1015 771 συγ·
1052 697 1069 746 ε
1166 699 1168 736 ÷

44 785 267 874 χωρηθέντων
291 783 504 876 μηθέν,ὀόχ
527 783 571 866 ὡς
590 788 704 856 καλεῖν
727 787 783 855 καὶ
806 787 865 872 της
888 781 1017 865 πόλεως

44 882 147 967 άξίων
171 883 298 956 ὄντων·
325 884 435 958 πόθεν
458 886 539 977 γάρ;
566 883 645 956 ἄλλ’
673 883 717 966 ιδς
741 882 935 974 άναγκαίων
960 887 1016 968 καὶ

46 989 159 1074 μηκέτι
178 991 370 1077 δεχομένων
388 986 587 1078 διόρθωσιν·
617 983 678 1058 όσα
698 985 728 1056 δ’
750 983 793 1058 ἂν
817 991 878 1071 ἔξω
897 985 1016 1057 τούτου

46 1087 248 1177 βιαζόμενοςΙ
263 1092 320 1159 καλ
343 1094 550 1180 παρανομῶν
572 1085 725 1174 Ιοἰκεόντων
745 1086 842 1179 όμιόν
866 1092 1016 1178 ἐπιχειρῇ
1169 1151 1170 1186 3

48 1188 235 1277 λαμβάνειν
263 1188 345 1280 μήτε
373 1207 562 1282 συγχωρεῖν
590 1189 681 1284 αὐτῷ
709 1189 791 1280 μήτε
816 1193 1016 1278 ἐπιτρέπειν,
1036 1201 1069 1250 10
1169 1205 1170 1210 ’

48 1287 121 1359 ἀλλ’
145 1288 431 1380 άντιπράττεσθαι
455 1292 565 1383 λόγοις
588 1322 624 1364 τε
647 1294 703 1362 καί
722 1300 831 1381 ἔργοις
854 1294 910 1361 καὶ
933 1286 1017 1380 όμοῦ

49 1389 172 1475 πάντας
184 1395 280 1463 καὶ”
260 1423 319 1464 ενα
331 1397 472 1465 ἕκαστον
490 1401 570 1486 ίδίᾳ.
591 1390 632 1464 οό
643 1392 719 1484 γάρ,
733 1390 776 1463 διν
787 1387 904 1476 άπαξ’
882 1391 1016 1515 μμάρτη

50 1521 96 1574 τις
120 1506 186 1566 εἴτε
207 1493 392 1584 ἀπατηθεὶς
416 1507 483 1566 εῖτε
507 1492 719 1583 άναγκασθεί
718 1525 750 1582 ς,
704 1492 889 1564 ἐκαὶ
854 1523 894 1563 τα
918 1491 1017 1564 λοιπά

51 1589 142 1682 όμοια
162 1601 218 1667 δεῖ
235 1594 404 1687 πράττειν,
422 1593 498 1667 ἀλλ’
518 1601 650 1668 ἐκείνου
667 1597 897 1684 μεμνημένους
914 1583 1017 1663 τάλλα

48 1692 132 1778 ὅπως
150 1725 197 1821 μη
216 1701 353 1768 τοιαῦτα
369 1697 554 1822 γενήσεται
563 1713 711 1768 σκοπεῖν.
751 1685 993 1783 ταῦταμὲν
954 1723 1019 1765 ουν
1036 1707 1069 1754 15

51 1798 152 1886 ἐστιν,
175 1795 198 1868 ά
222 1804 319 1891 κοινή
337 1798 464 1882 πάντας
486 1794 573 1889 όμάς
596 1809 708 1888 οίομαι
733 1804 787 1869 δεῖ
774 1815 807 1869 ῖν
831 1793 1020 1885 ἐγνωκότας

51 1896 148 1989 εἶναι,
171 1904 230 1973 καὶ
247 1900 522 1994 παρεσκευάσθαι
545 1899 628 1991 πρὸς
645 1898 703 1983 τάς
720 1897 860 1981 άδίκους
877 1928 936 1970 που
925 1897 1020 1988 δήᾶ

51 2027 109 2086 μου
125 2008 320 2088 πλεονεξίας
338 2008 500 2094 παραινεῖ.

22 2129 44 2179 ιε
119 2103 183 2172 Lll.
215 2100 271 2187 Ὡς
297 2106 335 2175 δέ
358 2108 415 2175 καὶ
438 2108 535 2176 τοῦτο
565 2106 642 2195 περὶ
672 2094 714 2174 οὗ
743 2107 822 2175 νυνὶ
844 2101 1016 2194 πρόκειται

51 2223 182 2278 σκοπεῖν
198 2203 315 2297 ὅμοιόν
340 2211 409 2276 ἐστι
427 2223 495 2287 τοῖς
513 2204 626 2287 άλλοις
652 2203 886 2295 ἐγχειρήμασιν
910 2202 1017 2273 αὐτοῦ
1034 2226 1073 2274 κο

52 2322 116 2388 τοῖς
133 2306 263 2391 ἀδίκοις
279 2311 338 2378 καὶ
355 2306 576 2399 παρανόμοις,
601 2308 658 2377 καὶ
680 2304 742 2393 οὐχ
760 2299 866 2375 οἷον“
850 2334 868 2373 ο
888 2303 1017 2394 δήμαρ-

53 2433 104 2491 χος
121 2404 331 2493 ἐξαπατων
311 2414 397 2499 υμάς
417 2403 607 2500 ἐπειράτο’
587 2413 791 2498 αποφαίνειν
809 2409 848 2474 δί
833 2412 941 2474 ίκαιον
961 2406 1017 2472 καὶ

55 2510 198 2600 μέτριον,
222 2510 348 2602 μάθετε
366 2517 402 2582 ot
414 2509 515 2600 μήπω
533 2530 651 2596 σαφως
669 2506 804 2589 εἰδότες.
838 2503 856 2575 ὁ
874 2534 937 2596 μιν
954 2494 1017 2574 οόν

54 2635 146 2697 νομος
172 2642 190 2682 ο
180 2608 293 2703 περὶ
320 2617 389 2683 τῶν
414 2617 639 2701 δικαστηρίων
662 2637 730 2679 των
744 2597 1018 2733 δημοτικόν,φ

52 2711 166 2796 Δέκιος
182 2713 390 2806 ἐκρατύνατο
414 2712 574 2839 μάλιστα,
607 2709 647 2783 οό
671 2708 752 2781 καθ’
771 2705 868 2829 ὑμῶν
887 2706 1015 2801 ἐγράφη
1034 2729 1070 2778 25

51 2812 112 2878 τόν
128 2824 331 2907 πατρικίων,
350 2813 424 2885 ἀλλ’
445 2814 531 2905 ὑπὲρ
550 2811 737 2903 άσφαλείας
754 2841 822 2883 των
840 2833 1018 2899 κατισχυω

52 2913 154 2993 μένων
172 2920 381 3007 δημοτικῶν,
412 2912 457 2999 ιός
476 2913 575 2997 αὐτός
602 2943 638 2985 τε
658 2920 756 3002 δηλοῖ
778 2910 910 3035 γραφάς
930 2919 1017 2999 ἔχων

53 3008 108 3081 οὐκ
124 3012 331 3107 ἀμφιβόλους
341 3072 352 3107 ,
370 3021 426 3089 καὶ
443 3013 539 3108 ὑμεῖς
556 3020 654 3087 τοῦτο
672 3014 816 3095 ἅπαντες
834 3009 885 3081 άεὶ
904 3013 1016 3100 λέγετε

55 3120 153 3198 καλῶς
171 3118 392 3210 ἐπιστάμενοι.
438 3123 523 3210 μέγα
549 3119 584 3188 δέ
609 3115 730 3188 τούτου
755 3112 895 3205 σημεῖόν
914 3117 1015 3201 ἐστιν,

55 3238 70 3276 0
98 3222 150 3288 καὶ
178 3219 302 3305 παντός
318 3218 656 3345 ἀμφισβητουμένου
684 3223 818 3287 δικαίου
844 3213 1015 3306 κριτήριον
1033 3234 1068 3283 30

58 3312 135 3387 εἶναι
154 3327 247 3393 δοκεῖ
263 3321 451 3447 κράτιστον,
469 3318 619 3444 όχρόνος
637 3319 930 3406 ἐννεακαιδεκέτης
949 3312 1014 3404 ήδη

56 3420 187 3505 7⁸?st
217 3428 250 3507 ἐξ
280 3454 322 3495 ου
353 3419 371 3494 ό
395 3423 499 3529 νόμος
529 3450 627 3504 ουτος
651 3423 766 3509 ἐτέθη·
803 3408 890 3490 ἐν
863 3446 889 3510 φ
914 3417 1014 3509 παντί
