2384 3850
464 93 662 151 -Z-
995 94 1037 158 21

11 285 22 346 η
62 255 152 348 αὕτη
170 264 294 349 πολλῆς
313 260 520 352 ἐμπεσούσης
542 261 633 334 πάνυ
657 281 725 347 τοῖς
743 268 918 359 συνέδροις
942 278 1040 358 φιλο·

11 359 16 377 ’
59 367 208 443 νεικίας·
242 360 326 434 ὥστε
349 360 487 435 καὶτὸν
519 369 627 454 δῆμον
649 360 716 436 ύπδ
739 371 797 456 της
821 373 902 458 βοῆς
926 367 1040 441 αύτοῖν

63 465 310 555 ἐξακουομένης
352 468 408 536 ἐπὶ
453 463 539 537 πολύ
579 469 790 559 ταραχθέντα
830 476 1039 562 συνδραμεῖν

60 566 119 634 ἐπὶ
154 563 191 635 τδ
226 565 487 660 βουλευτήριον,
523 572 580 640 καὶ
614 573 728 641 πᾶσαν
761 566 873 661 ὀρθὴν
908 575 963 642 ἐπὶ
998 576 1039 662 τη

62 672 253 759 προσδοκίᾳ
284 672 448 757 ’γενέσθαι
482 668 543 761 την
584 668 691 741 πόλιν.
753 671 835 761 μετὰ
871 672 910 743 δὲ
943 678 1040 744 τούτο
1074 693 1091 742 5

59 775 99 838 ολ
127 769 190 859 μὲν
223 768 357 842 ὕπατοι.
380 770 604 863 προελθόντες
639 770 850 844 συνεκάλουν
884 773 943 843 τὸν
963 776 1041 863 δῆ-

59 899 128 960 μον
153 878 200 953 είς
224 875 417 962 ἐκκλησίαν·
454 864 497 963 ἦν
524 874 562 943 δέ
587 870 628 944 ού
652 872 739 944 πολύ
762 877 820 964 τῆς
843 870 968 967 ἡμέρας
992 881 1040 945 ἔτι

59 970 99 1042 τὸ
141 972 360 1064 λειπόμενον·
410 977 465 1046 καὶ
506 974 733 1066 παρελθόντες
778 979 958 1067 ἐπειρῶντο
997 973 1039 1046 τδι

61 1073 210 1158 δόξαντα
244 1084 364 1166 σφίσιν
402 1080 439 1148 ἐν
473 1081 513 1167 τῇ
548 1081 655 1168 βουλῇ
691 1080 809 1166 λέγειν.
865 1080 1038 1148 ἐνίσταντο

60 1177 100 1246 δὲ
125 1172 238 1259 αὐτοῖς
262 1183 297 1248 οί
320 1176 499 1270 δήμαρχοι,
536 1180 591 1248 καὶ
620 1174 684 1248 ούκ
713 1170 757 1267 ἦν
779 1182 816 1250 ἐν
842 1183 936 1270 μέρει
960 1175 1036 1250 οὐδ’
1058 1199 1089 1249 10

7 1293 48 1342 ῖ48
61 1281 100 1348 ἐν
125 1276 239 1372 κόσμφ
263 1277 437 1369 γινόμενος
467 1276 547 1372 παρ’
574 1277 701 1370 ἀμφοῖν
730 1275 748 1350 ὁ
778 1279 884 1370 λόγος.
932 1278 1039 1367 ἐβόων

58 1378 126 1471 γὰρ
150 1375 219 1469 ἅμα
242 1385 298 1451 καὶ
327 1384 490 1464 ἐξέκλειον
520 1379 703 1471 ἀλλήλους,
731 1379 816 1452 ὥστε
844 1379 889 1472 μὴ
919 1380 1038 1475 ῥηίδιον

59 1481 149 1552 εἶναι
167 1497 236 1563 τοῖς
254 1487 401 1574 παροῦσι
424 1481 482 1566 τολς
501 1489 652 1564 διανοίας
677 1481 789 1553 αὐτων
807 1481 825 1552 ὅ
842 1513 874 1553 τι
893 1482 1038 1571 βούλον-

58 1613 115 1653 ται
134 1589 297 1655 συνιδεῖν.

137 1684 228 1754 XVI.
252 1681 442 1756 Ἐδικαίουν
460 1686 501 1756 δέ.
516 1689 551 1755 οἱ
565 1685 628 1774 μὲν
644 1682 766 1755 ὕπατοι
783 1680 846 1772 την
863 1691 1037 1776 κρείττονα
1055 1706 1087 1755 15

58 1795 192 1876 ἔχοντες
217 1790 371 1869 ἐξουσίαν
394 1783 554 1859 ἁπάντων
577 1783 695 1877 ἄρχειν
712 1789 780 1856 των
803 1789 841 1856 ἐν
863 1789 905 1877 τῇ
929 1783 1035 1874 πόλει,

57 1917 91 1960 οι
84 1890 152 1960 ’δέ
170 1887 333 1980 δημαρχοι
356 1917 418 2014 την
442 1892 623 1979 ἐκκλησίαν
648 1890 778 1960 ἑαυτῶν
803 1887 889 1959 εἶναι
912 1892 1036 1977 χωρίον

59 2013 175 2084 ωσπερ
194 1995 265 2062 ἐκεί
250 1999 332 2064 ίνων
355 2021 418 2080 την
440 1990 587 2080 βουλήν,
611 1989 700 2060 καῖ’
685 1989 793 2061 οπόσα
816 1992 871 2061 ἐπὶ
888 2007 958 2071 τοῖς
978 1994 1036 2078 δη-

56 2091 175 2182 μόταις
197 2123 241 2183 ην
265 2101 388 2218 κρῖναί
403 2122 439 2163 τε
462 2095 519 2163 καλ
537 2100 761 2182 ψηφίζεσθαι,
786 2090 914 2163 τούτων
939 2086 1036 2160 αὐτοὶ

57 2197 129 2265 πᾶν
153 2202 242 2317 ἔχειν
263 2192 300 2265 τὸ
324 2193 451 2285 κράτος.
497 2202 741 2283 συνηγωνίζετο
774 2195 811 2264 δὲ
834 2210 903 2274 τοῖς
927 2185 1031 2281 μέν’
1012 2220 1033 2280 η
1054 2211 1087 2261 20

57 2293 195 2385 πληθύς
214 2300 383 2384 ἐπιβοῶσα
406 2291 495 2365 καλ”
479 2293 581 2385 ομόσε
599 2313 721 2386 χωρεῖν
746 2300 777 2363 εί
795 2298 950 2391 δέοιῆτοῖς
969 2319 1036 2361 κω-

58 2396 182 2469 λύουσι
199 2400 508 2490 παρεσκευασμένη,
527 2412 596 2477 τοῖς
617 2396 654 2465 δέ
671 2391 809 2476 ὑπάτοις
823 2400 856 2464 ολ
869 2398 1036 2483 πατρίκιοι

58 2502 307 2591 συστρέψαντες
326 2494 456 2581 αύτούς.
501 2502 649 2626 ἐχίννετο
670 2498 706 2567 δέ
723 2496 830 2578 πολύς
842 2492 941 2617 ’ύχοδν
959 2494 1036 2584 περὶ

57 2604 121 2671 τοῦ
138 2631 183 2691 μη
203 2600 284 2685 εἶξαι
305 2600 539 2693 εκατέροις,“
516 2629 561 2683 ως
580 2603 617 2671 ἐν
639 2603 698 2692 μιᾷ
721 2601 762 2690 τῇ
779 2596 853 2668 τότε
872 2623 952 2687 ηττη
970 2620 1036 2665 πα-

57 2708 317 2801 ραχωρουμένης
350 2707 408 2791 τῆς
438 2710 485 2785 είς
508 2699 567 2774 τόν
591 2699 718 2772 λοιπὸν
726 2698 849 2824 χρόνον
868 2699 1036 2788 ἑκατέρων
1053 2716 1087 2765 25

58 2803 276 2888 δικαιώσεως.
320 2802 414 2894 ηλιός
437 2834 473 2875 τε
496 2808 573 2896 περὶ
599 2800 794 2894 καταφορὰν
811 2830 855 2891 ην
872 2798 955 2890 ηδη,
978 2798 1035 2867 καὶ

57 2909 259 2999 συνέτρεχεν
276 2910 320 2977 ἐκ
344 2936 413 2977 των
436 2911 554 2978 οίκιων
579 2904 615 2976 τδ
638 2902 719 2975 ἄλλο
744 2907 875 2992 πληθος
901 2908 949 2981 είς
973 2926 1036 2986 την

59 3004 198 3099 ἆγορύν,
216 3014 274 3081 καὶ
292 3017 430 3099 ἔμελλον
449 3016 479 3079 εί
496 3006 556 3093 νύξ
576 3002 798 3096 ἐπιλαμβανοι
814 3032 878 3092 την
896 3009 969 3093 ἔριν
980 3005 1035 3079 είς

5 3130 49 3179 349
59 3109 188 3200 πλημας
217 3141 253 3184 τε
276 3114 399 3183 καλλί
363 3120 473 3183 λίθων
497 3108 663 3237 χωρησειν
686 3104 796 3196 βολύς
841 3111 899 3175 ινα
924 3101 966 3226 δη
990 3129 1035 3191 μη
1182 3199 1183 3208 ¹

60 3217 159 3284 τοῦτο
182 3216 329 3303 γένοιτο,
359 3212 537 3306 προελθων
566 3208 583 3282 ὁ
608 3213 755 3303 Βρούτος
785 3207 864 3291 τούς
887 3201 1035 3284 ὑπάτους
1053 3221 1087 3270 30
1182 3215 1183 3254 λ

61 3310 157 3401 ἠξίου
189 3318 307 3387 δουναι
335 3315 435 3404 λόγον
465 3312 573 3410 αὐτῷ,
603 3311 748 3385 παύσειν
770 3304 1036 3399 ὑπισχνούμενος
1181 3391 1182 3400 χ

61 3415 123 3505 τὴν
136 3415 263 3490 στύσιν
283 3414 431 3489 κάκεῖνοι
444 3416 599 3501 δόξαντες
611 3423 707 3507 σφίσι
719 3413 1035 3504 παρακεχωρησθαι,
