2384 3850
468 92 786 155 ..o-⁴

82 294 149 354 γον
165 261 288 355 ταύτης
304 262 482 357 ἀπάρσεως
507 262 528 355 ἢ
552 269 664 356 φυγῆς
681 264 718 337 τὸ
737 264 820 359 πρὸς
832 264 891 339 τὸν
909 262 1055 359 ἡγεμόνα

83 372 122 438 ἐκ
145 372 207 437 τού
233 364 341 458 δήμου
365 383 461 457 μίσος
484 365 598 459 ωσπερ
624 375 709 458 ἔφην
728 379 836 441 αἴτιον
859 359 920 460 ἦν,
957 366 1052 441 καὶ
1037 399 1054 441 ο

81 465 214 559 φθόνος
231 473 290 558 της
308 472 379 540 ἐκεί
365 476 441 539 ίνον
465 473 581 560 τιμῆς,
610 474 667 540 ἵνα
690 469 735 559 μὴ
758 468 930 563 θριάμβου
954 500 1055 542 κατα·
1156 462 1167 483 ⁰

81 598 178 660 γωγη
163 572 377 661 κοσμηθεὶς
396 572 658 661 ἐπιφανέστατος
672 574 817 661 γένηται.
853 576 894 662 τῇ
919 570 951 643 θ’
980 576 1054 660 ἑξῆς

80 668 192 763 ἡμέρα
231 670 398 762 μαθόντες
438 678 474 743 οί
510 676 679 765 Τυρρηνοὶ
713 672 776 763 τὴν
806 672 953 762 ἄπαρσιν
987 678 1089 745 τῶνα

77 772 262 862 Ῥωμαίων,
287 772 429 865 νεκρούς
445 771 475 843 τ’
502 771 615 847 αύτιῐν
641 773 849 847 ἐσκύλευσαν
874 778 931 845 καὶ
953 786 1057 864 τραν-

14 882 205 966 1748ματίας
239 873 399 965 ἀράμενοι
430 873 626 965 ἀπήνεγκαν
659 875 717 959 τάς
751 904 789 947 τε
822 883 1057 965 καταλειφθεί-

81 998 146 1058 σας
178 981 216 1047 έν
249 982 295 1072 τῷ
331 976 449 1068 χάρακι
486 976 715 1069 παρασκευάς·
753 981 872 1050 πολλαὶ
900 978 930 1048 θ’
958 969 1056 1067 ἦσαν,

85 1077 133 1159 ὥς
173 1085 221 1159 είς
256 1076 392 1169 χρόνιον
426 1084 737 1170 παρεσκευασμέναι
773 1078 933 1170 πόλεμον·
988 1085 1057 1151 διε·

82 1178 256 1269 φόρησαν·
304 1183 361 1250 καὶ
392 1178 438 1263 ὦς
466 1180 507 1271 δὴ
538 1186 738 1272 κρατοῦντες
764 1186 823 1273 τῆς
853 1180 962 1273 χώρας
989 1185 1057 1252 τῶν
1076 1202 1107 1251 10

82 1286 256 1371 πολεμίων
271 1279 335 1370 τὴν
353 1281 521 1371 ἐγγυτάτω
539 1283 821 1375 λεηλατήσαντες,
846 1281 978 1373 ἀπῆγον
994 1282 1057 1372 την

81 1381 251 1476 στρατιάν.

161 1484 204 1557 V.
244 1489 289 1556 οί
310 1486 348 1555 δὲ
366 1482 448 1575 μετά
470 1483 611 1566 τούτους
641 1482 899 1574 ἀποδειχθέντες
922 1482 1055 1575 ὕπατοι,

54 1596 209 1669 Τναῖος
240 1583 392 1667 Μάλλιος
417 1589 473 1657 καὶ
502 1585 645 1678 Μάρκος
676 1584 803 1675 Φάβιος
831 1583 868 1655 τὰ
898 1583 1057 1676 δεύτερον

80 1686 202 1779 άρχειν
224 1693 357 1776 αίρεθεί
356 1717 385 1776 ς,
407 1686 566 1778 ψήφισμα
582 1692 641 1778 της
675 1692 800 1776 βουλῆς
830 1690 1056 1777 ποιησαμένης
1074 1706 1106 1755 15

82 1788 229 1880 στρατὸν
247 1787 417 1878 ἐξάγεινέ
401 1788 514 1860 ἐπὶ
478 1818 542 1878 την
561 1785 779 1861 Ούιεντανων
798 1786 897 1860 πόλιν
914 1786 998 1913 οσον
1015 1784 1058 1860 άν

81 1900 244 1963 πλεῖστον
279 1894 473 1980 δυνηθῶσι,
508 1888 710 1982 προύθηκαν
733 1888 862 1984 ημέραν
886 1880 972 1962 έν
949 1919 971 1983 η
998 1888 1057 1962 τόν

80 1992 271 2083 κατάλογον
288 2000 428 2083 έμελλον
445 1991 647 2082 ποιησεσθαι
664 2023 722 2084 της
747 1997 910 2085 στρατιάς.
964 2022 1057 2083 γινο-

80 2098 189 2187 μένου
213 2095 251 2165 δὲ
269 2090 384 2175 αύτολς
402 2097 558 2184 έμποθῶν
577 2097 632 2166 έπλ
650 2094 851 2166 κωλύσει
811 2126 870 2185 της
894 2123 1058 2185 καταγρα-

81 2200 152 2287 φῆς
171 2197 247 2277 ἑνὸς
264 2199 333 2267 των
351 2195 541 2288 δημάρχων,
574 2202 736 2285 Τεβερίου
754 2204 983 2285 Ποντοφικίου
1001 2200 1057 2267 καὶ
1075 2213 1109 2264 20

81 2299 120 2370 τὸ
134 2301 213 2388 περὶ
230 2302 288 2387 τῆς
303 2305 506 2388 κληρουχίας
524 2296 681 2385 ψήφισμα
693 2292 987 2386 ἀνακαλουμένους
999 2309 1057 2368 θε-

83 2397 314 2489 ραπεύσαντες
331 2403 400 2469 τῶν
423 2394 662 2490 συναρχόντων
687 2392 792 2467 αύτού
815 2425 924 2483 τινας,
944 2395 1057 2488 ὥσπερ

12 2514 74 2566 1749
84 2507 250 2590 ἐποίησαν
273 2505 308 2571 οί
330 2495 395 2590 πρὸ
420 2497 534 2571 αύτων
555 2495 698 2587 ύπατοι,
736 2502 914 2588 διέστησαν
936 2495 973 2568 τὸ
999 2494 1056 2588 άρ-

81 2619 193 2694 χεῖον·
236 2605 292 2673 καὶ
314 2599 397 2691 μετά
419 2597 511 2672 τοῦτ’
537 2608 702 2691 ἔπραττον
726 2602 780 2671 ἐπὶ
811 2603 936 2688 πολλῆς
967 2602 1057 2683 ἐξον-

81 2713 161 2784 σίας
179 2700 220 2772 τά
240 2701 383 2787 δόξαντα
399 2707 440 2793 τῇ
458 2707 574 2792 βουλῇ.
629 2704 811 2792 γενομένης
831 2701 869 2773 δέ
881 2705 940 2791 τῆς
956 2730 1058 2773 καταν
1075 2715 1108 2766 26

81 2807 219 2897 γραφῆς
239 2809 277 2876 έν
293 2801 422 2892 ὀλίγαις
440 2802 594 2895 ἡμέραις,
621 2801 762 2894 ἐξῄεσαν
786 2806 840 2875 ἐπὶ
862 2801 939 2885 τούς
962 2813 1058 2875 πολε·

81 2918 201 2998 μλονς,
239 2904 301 2976 δύο
332 2907 394 2995 μὲν
419 2903 573 2996 ἑκάτερος
596 2902 690 2994 ἄγων
709 2901 880 2996 Ῥωμαίων
910 2902 1059 2993 τάγματα

82 3013 154 3080 τοῖν
172 3010 206 3090 ἐξ
223 3003 328 3096 αύτῆς
340 3010 624 3097 καταγραφέντων
632 3011 690 3095 τῆς
704 3004 842 3093 πόλεως,
856 2999 920 3076 ούκ
934 3002 1057 3075 ἐλάττω

84 3111 124 3181 δὲ
140 3107 265 3196 ταύτης
289 3125 384 3199 χεῖρα
407 3105 469 3196 τὴν
491 3102 558 3178 ύπό
575 3112 644 3178 τῶν
666 3105 817 3178 άποίκων
838 3108 951 3177 τεκαὶ
973 3101 1057 3196 ύπη-

83 3209 177 3283 κύων.
204 3205 459 3281 ἀποσταλεῖσαν.
504 3207 643 3298 ἀφίκετο
676 3206 707 3278 δ’
741 3204 854 3290 αὐτοῖς
883 3206 973 3298 παρά
998 3211 1058 3278 τού
1075 3222 1108 3272 30

84 3319 244 3384 Λατίνων
260 3338 297 3381 τε
314 3314 371 3381 καὶ
384 3308 548 3401 Ἑρνίκων
566 3317 689 3392 ἔθνους
708 3308 887 3382 διπλάσιον
903 3313 963 3380 τού
980 3318 1057 3398 κλη-

83 3416 207 3495 θέντος
234 3409 456 3501 έπικουρικόν.
509 3407 551 3482 ού
574 3408 642 3501 μὴν
670 3410 852 3502 ἐχρήσαντο
876 3435 915 3498 γε
940 3416 1057 3480 παντί·
