2384 3850
456 149 498 158 -
542 108 655 176 z-
920 69 922 74 ³
988 114 1037 179 47'

56 293 180 377 μαίους
198 282 278 356 οὐδὲ
290 283 349 356 τὸν
368 285 539 377 έλάχιστον
556 284 717 378 ἀντέσχον
730 289 863 379 χρόνον,
879 287 1031 380 δεόμενοι

58 391 98 458 δὲ
116 390 173 458 καὶ
191 393 408 479 λιπαροῦντες
431 387 471 458 τά
493 417 531 460 τε
549 387 686 480 στόματα
708 393 777 460 τῶν
800 386 950 462 ἁλόντων
967 403 1032 462 Σι-

8 493 228 561 Ὶειοιιελιοεταῖν
247 486 419 561 ἀπέδοσαν
437 493 493 561 καὶ
516 491 557 560 τδι
580 490 748 582 χρήματα,
776 489 860 564 ὥστε
883 491 1031 583 ήυαχκά-

56 604 195 680 σθησαν
212 595 247 662 οί
258 584 410 681 Ῥωμαῖοι
425 599 472 673 είς
489 591 551 681 τήν
568 593 668 664 πόλιν
685 589 900 682 ἀναστρέψαι.

137 691 320 762 XXXVIII.
353 701 527 765 Λιαλυθεί
525 717 584 783 σης
605 695 701 765 δὲ
660 724 717 784 της
735 699 907 785 στρατιᾶς,
932 695 1031 786 δμεν
1066 723 1088 771 ε

56 791 267 878 Σικίννιος
250 824 268 866 ο
289 793 455 888 δήμαρχος
474 794 677 884 συναχαχών
699 794 737 866 τό
755 801 885 884 πλῆθος
910 801 995 880 εἰς’
978 826 1032 868 εκ-

56 903 202 984 κλησίαν
233 914 395 987 προεῖπεν
428 893 572 989 ἡμέραν,
605 887 689 968 ἐν
665 926 688 988 η
712 908 888 970 συντελεῖν
916 905 1032 989 ἔμελλε

56 996 121 1087 τήν
143 1001 219 1090 περὶ
242 1002 303 1069 του
328 1007 488 1091 Μαρκίου
511 1007 638 1091 κρίσιν
672 1003 728 1070 καὶ
751 998 931 1091 παρεκάλει
953 998 1031 1082 τούς

55 1128 95 1171 τε
108 1129 191 1170 κατα
180 1098 304 1170 πόλιν
317 1095 527 1190 ὑπάρχοντας
545 1097 798 1192 ἀδρόουςήκειν
812 1100 917 1174 ἐπὶ
880 1132 942 1191 την
957 1100 1032 1172 διά-

56 1222 187 1292 χνωσιν
209 1205 267 1289 τής
286 1207 398 1292 δίκης,
425 1204 481 1272 καὶ
503 1200 580 1285 τούς
605 1207 659 1274 ἐπὶ
683 1208 753 1274 τῶν
769 1207 885 1294 ἄχρων
903 1209 1031 1294 διατρί-
1050 1229 1086 1278 10

57 1311 181 1392 βοντας
198 1299 387 1394 ἀφεμένους
410 1308 477 1374 τῶν
496 1312 606 1396 έρχων
631 1313 678 1386 είς
696 1302 759 1394 τήν
781 1301 887 1394 αύτήν
903 1301 1032 1396 ἡμέραν

56 1402 224 1492 ἀπαντάν,
244 1403 289 1486 τός
303 1400 388 1494 ὑπὲρ
408 1411 603 1496 ἐλευθερίας
620 1410 677 1477 καὶ
695 1414 861 1498 σωτηρίας
878 1405 956 1494 ὅλης
973 1411 1032 1494 τῆς

57 1504 188 1589 πόλεως
212 1504 274 1594 τήν
297 1512 412 1596 ψήφου
441 1503 732 1597 ἀναληψομένους·
759 1506 970 1597 παρήγγελλε
995 1509 1032 1578 δέ

56 1611 117 1678 καὶ
139 1613 186 1702 τῷ
209 1617 355 1703 Μαρκίῳ
390 1624 547 1701 παρεῖναι
577 1607 660 1698 πρὸς
688 1608 751 1697 τήν
778 1607 964 1696 ἀπολογίαν
987 1607 1031 1690 ὡς

55 1709 200 1792 οὐδενὸς
222 1707 421 1801 ἀτυχήσοντι
447 1715 516 1781 τῶν
540 1713 618 1800 περὶ
640 1710 699 1792 τὰς
721 1717 846 1799 κρίσεις
868 1716 1029 1800 νομίμων.
1051 1738 1085 1786 15

54 1829 128 1895 τοῖς
165 1811 202 1882 δὲ
236 1806 374 1895 δπάτοις
411 1810 518 1883 ἐδόκει
548 1818 830 1902 βουλευσαμένοις
864 1809 945 1901 μετά
970 1817 1032 1882 τού

55 1919 242 2004 συνεδρίου
260 1913 304 2005 μή
323 1918 485 2006 περιορᾶν
502 1911 561 1985 τόν
580 1916 687 2005 δήμου
705 1919 856 1999 ἐξουσίας
874 1912 1032 2005 τηλικαύ-
1051 1946 1055 1953 ·

55 2044 118 2104 της
137 2015 255 2105 κύριον
277 2014 467 2106 γενόμενον.
513 2014 633 2107 εὕρητο
657 2014 689 2087 δ’
711 2014 823 2099 αὐτοῖς
846 2021 904 2105 τής
922 2016 1033 2088 κωλύ-

54 2140 146 2198 σεως
163 2115 298 2208 ἀφορμή
318 2124 431 2188 δικαία
448 2120 504 2188 καὶ
522 2117 677 2209 νόμιμος,
701 2112 724 2210 ή
740 2117 906 2210 χρεόμενοι
923 2118 1032 2190 πάντα

55 2218 237 2291 διαλύσειν
255 2218 360 2313 βοντο
377 2216 419 2289 τά
436 2223 503 2290 τόν
520 2218 703 2291 ἀντιδίκων
720 2218 941 2308 βουλεύματα.
976 2221 1032 2289 καὶ
1050 2246 1086 2294 ευ
1184 2221 1185 2272 Ῐ

53 2319 142 2412 μετά
175 2324 274 2392 τούτο
304 2318 539 2413 παρεκάλεσαν
574 2328 622 2402 είς
649 2319 769 2409 λόγους
805 2324 921 2391 ἐλθεῖν
954 2318 1034 2400 τούς

9 2446 42 2493 96
53 2421 303 2514 προεστηκότας
320 2428 379 2494 τού
399 2421 525 2512 δήμου,
551 2419 725 2492 συνόντων
743 2418 856 2501 αὐτοῖς
873 2428 942 2491 τῶν
960 2424 1034 2490 ἐπι-

52 2530 212 2612 τηδείων.
245 2528 300 2595 καὶ
320 2529 409 2608 ἔλεξε
427 2523 604 2614 Μηνύκιος
621 2520 748 2593 τοιάδε·
772 2518 882 2613 Ἡμῖν,
902 2514 928 2593 ὦ
948 2520 1033 2613 δήμ-

54 2655 173 2715 αρχοι,
207 2632 301 2697 δοκεῖ
325 2632 444 2717 χρήυαι
473 2624 536 2715 τήν
560 2623 677 2697 στάσιν
701 2624 893 2709 ἐξελαύνειν
917 2629 1032 2715 ἕκτης

52 2726 187 2809 πόλεως
205 2727 318 2820 ἀπάση
338 2726 497 2819 δυνάμει,
529 2726 647 2818 καὶμὴ
665 2738 873 2817 φιλονεικεῖν
897 2732 1032 2799 ἐναντία
1051 2752 1087 2801 νε
1184 2763 1185 2768 ’

52 2837 105 2923 τῷ
133 2827 226 2924 δήμῳ
252 2832 328 2920 περὶ
353 2829 496 2921 μηδενός
521 2829 701 2922 χρήματος·
728 2830 871 2921 μάλιστα
895 2826 928 2898 δ’
953 2828 1034 2899 ὅταν

53 2929 193 3022 ὁρῶμεν
209 2930 295 3022 ὑμᾶς
314 2928 378 3002 ἀπό
396 2934 464 3003 τῶν
481 2939 603 3019 βιαίων
622 2934 676 3002 ἐπὶ
692 2931 734 3002 τδι
752 2939 865 3003 δίκαια
882 2932 938 3000 καὶ
955 2927 1034 3010 τούς

55 3032 181 3123 λόγους
199 3032 351 3122 ήκοντας.
396 3031 526 3121 ταύτης
535 3036 687 3160 μέντριχε
709 3041 767 3122 τής
790 3030 924 3122 μνήμης
942 3038 1033 3103 ἐπαι-

55 3140 199 3217 νοῦντες
217 3131 319 3226 ὑμᾶς,
343 3133 405 3224 τήν
428 3132 557 3224 βουλήν
580 3135 721 3226 οίόμεδα
746 3141 820 3206 δεῖν
837 3132 933 3227 ἀρξαι
951 3161 1035 3224 προ

55 3236 233 3327 βούλευμα
258 3234 554 3327 ποιησαμένην,“
529 3259 642 3329 ωσπερ
668 3240 758 3307 ἐστὶν
781 3232 863 3327 ήμῖν
882 3234 1035 3356 πάτριον.
1052 3258 1088 3307 30

55 3338 229 3411 δύναισθε
249 3334 323 3410 δὲ
303 3369 346 3411 αν
363 3337 472 3409 καῖ’
434 3343 528 3410 αυτοι
545 3344 642 3410 τοῦτο
660 3354 854 3429 μαρτυρεῖν,
872 3334 922 3406 ότι
942 3325 1035 3418 ἐξ
992 3364 1034 3405 ου

55 3440 163 3531 τήνδε
181 3438 244 3530 τήν
261 3440 360 3512 πόλιν
378 3450 513 3512 ἐκτισαν
531 3436 626 3529 ήμῶν
650 3447 685 3510 οι
700 3438 859 3532 πρόγονοι
883 3441 979 3506 τουτο
997 3434 1036 3503 τό
