2384 3850
539 102 744 159 ,Η-

157 267 255 339 mast
233 298 352 388 ατιμου
371 267 558 358 άπολύσῃς,
576 265 596 334 ὅ
612 294 643 333 τι
661 267 724 352 μὲν
742 264 834 359 αὐτῷ
851 287 903 335 σοι
921 285 989 348 συμ
991 250 1144 356 βήσεται
1144 260 1159 311 ί

39 410 44 419 .
159 368 217 438 διά
239 374 345 440 ταῦτα
370 381 496 437 παθεῖν
526 362 588 435 οὐκ
614 372 677 454 ἔχω
702 365 828 453 λέγειν
861 341 1160 455 μαντεύομῖέδέ

157 466 263 539 οὐδευ
282 468 429 557 εὐτυχές
474 465 525 537 ὅτι
544 468 583 536 δε
608 465 666 538 ἐάν
684 496 739 537 και
728 455 860 535 τάλλα
879 463 988 540 πάντα
1007 466 1112 535 εὐδαι

158 575 283 661 μονής,
308 577 393 639 ἔστω
411 565 492 658 γάρ,
517 565 538 657 ή
559 565 606 638 δι’
627 570 684 659 ἐμὲ
701 570 758 639 καὶ
780 565 837 648 τάς
856 564 933 657 ἐμάς
951 563 1112 657 συμφοράς

124 666 511 759 επαρακολουθήσουσά
534 692 587 740 σοι
611 673 667 740 καὶ
692 666 853 740 οὐδέποτε
875 664 1046 757 ἀνήσουσα
1060 668 1113 755 τήν

160 770 273 861 ψυχήν
290 768 399 861 ὀδύνή
420 770 557 843 πάντων
580 770 721 860 άναθιόυ
746 793 798 855 σοι
815 768 980 859 ἀνόνητον
997 768 1113 859 ποιήσει
1160 768 1161 805 λ

158 873 220 944 τὸν
238 880 335 961 βίον,
355 865 394 945 εὐ
411 874 499 945 οἶδα.
543 871 585 943 οὐ
602 872 668 963 γάρ
691 868 839 955 άνίξεται
860 868 1047 959 Οὐετουρία
1062 868 1114 957 τήν

161 974 280 1063 δεινὴν
304 977 361 1044 καὶ
385 973 571 1063 άνήκεστου
593 972 737 1062 υβρινέ
736 1005 757 1045 ν
774 972 943 1055 τοσούτοις
966 971 1116 1064 μάρτυσιν

160 1072 366 1164 ὑβρισθεῖσα
388 1074 448 1146 τὸν
473 1074 646 1165 ἐλάχιστον
674 1078 794 1169 βιωναι
823 1072 960 1165 χρόνον
994 1072 1063 1144 ἄλλ’
1086 1077 1117 1142 ἐν
1161 1090 1162 1145 3

111 1202 145 1249 10
161 1195 231 1258 τοῖς
255 1175 415 1249 ἁπάντων
437 1172 535 1266 ὐμῶν
556 1184 668 1266 φίλων
691 1205 727 1247 τε
751 1179 807 1247 καὶ
831 1172 1006 1266 ἐχθράν”
986 1196 1117 1265 ομμασιν

163 1275 313 1367 ἐμαυτήν
331 1278 569 1369 διαχρήσομαι,
592 1276 769 1366 βαρεῖαν’
752 1275 839 1364 αράυ
856 1306 912 1347 και
900 1276 1043 1359 δεινάς
1061 1280 1119 1360 ἐρι-

161 1378 245 1461 νύας
269 1376 344 1449 ἀντ’
371 1384 513 1469 ἐμαυτῆς
536 1377 764 1449 καταλιποῦσά
786 1400 839 1449 σοι
861 1377 1037 1467 τιμωρούς.
1079 1367 1118 1450 άν
1162 1430 1163 1463 ,

161 1480 207 1571 μή
233 1480 402 1576 δεήσειεν,
427 1510 454 1550 ω
443 1470 614 1551 θεολ
571 1510 630 1568 της
643 1478 814 1601 Ῥωμαίων
838 1478 987 1566 φυλακες
1004 1476 1119 1568 ήγεμο-
1162 1514 1163 1517 “

162 1592 256 1670 νίας,
282 1581 355 1652 ἀλλ’
378 1581 529 1670 εὐσεβεῖς
553 1583 610 1651 και
634 1579 756 1662 καλούς
781 1586 893 1670 δοίητε
911 1588 1055 1673 Μαρκίῳ
1071 1588 1120 1647 λο-

113 1705 147 1755 15
164 1684 319 1774 γισμούς·
347 1685 404 1753 καὶ
422 1682 535 1770 ὥσπερ
552 1681 628 1774 άρτι
646 1679 831 1771 προσιούσῃ
848 1711 904 1771 μοι
920 1680 999 1763 τούς
1016 1710 1051 1753 τε
1066 1692 1164 1779 ate-1⁶3¹

163 1789 270 1866 λίκεις
293 1782 438 1854 άπίθετο
461 1786 518 1854 καὶ
542 1782 601 1866 τάς
619 1782 767 1871 ῥάβδους
784 1790 894 1855 ἔκλινε
916 1785 972 1853 καὶ
996 1781 1053 1853 τὸν
1075 1787 1121 1849 δί-

164 1914 254 1976 φρον
270 1881 335 1955 άπὸ
347 1888 408 1955 τοῦ
421 1884 566 1974 βήματος
580 1894 683 1974 ἔθηκε
697 1888 802 1976 χαμαὶ·
817 1887 873 1956 καὶ
895 1884 1004 1956 πάντα
1017 1874 1120 1964 τάλλα,

163 1984 215 2069 οἷς
242 1998 441 2074 κοσμεῖσθαι
463 1984 522 2068 τάς
548 1984 792 2074 αὐτοκράτορας
821 1984 924 2076 άρχάς
947 1985 1065 2075 νόμος,
1086 1985 1121 2053 τά
1164 2051 1165 2060 ,

163 2090 228 2177 μὲν
246 2091 401 2176 ἐμείωσε,
425 2083 466 2156 τά
485 2086 517 2158 δ’
540 2091 692 2159 ἐκποδών
714 2095 762 2169 είς
779 2091 871 2171 τέλος
890 2092 1042 2176 ἐποίησε,
1069 2089 1122 2172 δή·

111 2212 148 2260 20
164 2197 226 2258 λον
243 2185 347 2259 άπασι
370 2187 573 2278 βουλόμενος
596 2195 751 2279 ποιήσαι,
778 2188 828 2260 ὅτι
851 2193 919 2260 τάν
941 2191 1005 2278 μὲν
1021 2187 1123 2258 άλλωυ

164 2287 280 2380 άρχειυ
299 2286 389 2385 αὐτῷ
407 2294 587 2381 προσῆκεν,
604 2289 671 2360 ὑπὸ
691 2291 729 2361 δὲ
746 2296 804 2379 τῆς
817 2288 938 2380 μητρδς
951 2288 1121 2381 ἄρχεσθαι·

163 2389 252 2463 οὕτω
277 2395 333 2462 καὶ
358 2397 423 2464 υύυ
451 2400 565 2482 τιμίαν
588 2395 644 2462 καὶ
667 2391 890 2481 περίβλεπτόν
913 2421 954 2481 με
971 2389 1124 2480 ποιήσειε,

164 2495 222 2564 καὶ
239 2492 459 2583 χαρισάμενος
483 2492 547 2583 τήν
562 2490 680 2582 κοινήν
702 2499 848 2580 πατρίδα
876 2489 951 2564 άντὶ
974 2497 1126 2582 κακοδαι-

156 2593 369 2684 μονεστάτης
397 2592 701 2683 εὐδαιμονεστάτην
729 2593 919 2677 ἀποδείξειέ
945 2622 987 2683 με
1016 2595 1125 2665 πασῶν

113 2717 149 2766 25
167 2699 348 2797 γυναικῶν
386 2702 418 2765 εί
434 2695 509 2765 δὲ“
489 2695 585 2766 οσιόν
604 2699 673 2766 ἐστι
690 2698 746 2766 καὶ
762 2696 903 2785 θεμιτὸν
919 2700 1000 2768 υίοῦ
1016 2693 1127 2785 γόνασι

164 2793 292 2889 μητέρα
302 2802 581 2886 προσκυλίεσθαι,
596 2799 758 2868 καὶτοῦτο
772 2799 828 2866 και
843 2800 911 2867 πάν
923 2793 1004 2867 άλλο
1018 2823 1126 2868 ταπει-

163 2896 228 2969 υδν
245 2901 354 2988 σχήμα
371 2899 427 2968 καὶ
443 2893 705 2987 λειτούργημα’
685 2924 843 2998 υπομενω
828 2901 1057 2989 Μσωτηρίας
1036 2923 1126 2970 ενεκα

164 3003 225 3088 τῆς
242 3005 409 3085 πατρίδος.

242 3099 336 3168 Lllll.
383 3095 486 3170 Ταῦτ’
512 3103 652 3172 εἰποῦσα
687 3108 825 3189 ἔρριψεν
864 3098 989 3189 ἑαυτήν
1017 3105 1126 3191 χαμαί,

113 3224 149 3272 30
167 3203 223 3270 καλ
240 3203 465 3288 περιπλέξασα
484 3219 557 3282 ταῖς
574 3204 691 3289 χερσίν
708 3198 909 3291 ἀμφοτέραις
931 3199 1010 3282 τούς
1027 3201 1126 3277 πόδας

166 3304 228 3369 τοῦ
249 3307 410 3388 Μαρκίου
432 3309 645 3390 κατεφίλησε.
710 3300 877 3390 πεσούσης
901 3300 933 3372 δ’
961 3301 1065 3390 αὐτῆς
1096 3303 1130 3369 αλ

166 3401 231 3489 μὲν
252 3418 413 3488 γυναῖκες
434 3399 628 3490 ἀνεβόησαν
649 3399 717 3490 άμα
745 3407 849 3473 πᾶσαι
877 3400 1030 3477 κωκυτὸν
1053 3398 1127 3484 ὀξύν
