2384 3850
421 103 621 164 --Θω
768 157 771 161 .
947 103 1137 168 267·

34 270 235 365 ἀνθρώποις
246 268 444 362 αὐτουργοῖς
453 264 529 344 οὖσι
542 277 599 345 καὶ
609 274 692 365 πρὸς
702 273 787 346 αὐτοὶ
795 276 836 347 τὰ
844 275 1011 366 ἀναγκαῖα

34 384 121 464 ζῶσι,
152 373 302 464 μάλιστα
322 371 353 444 δ’
376 379 499 470 ἐκείνῳ·
516 383 563 469 τῷ
580 372 682 467 άνδρὶ
704 384 825 466 πενίαν
849 388 1009 471 κληρονο

35 476 182 566 μήσαντι
200 473 293 564 παρά
309 484 369 549 τοῦ
386 477 509 569 πατρὸς
525 474 633 569 άφυὲς
650 470 693 568 ἦν
709 481 766 550 καὶ
784 478 884 571 βαρό,
904 486 1011 572 δισχι-

35 587 109 651 λίων
123 575 280 668 ἀριθμός
293 574 473 669 ἀσσαρίων.
499 569 542 667 ἦν
557 581 595 650 δέ
608 578 770 673 ἀσσάριον
783 579 856 652 τότε
869 579 1011 671 χάλκεον

35 680 183 770 νόμισμα
211 679 314 770 βάρος
336 690 516 773 λιτριαῖον,
547 680 633 752 ὥστε
655 681 692 753 τό
716 680 853 772 σύμπαν
875 680 1044 774 όφλημαό

19 815 29 850 ,ι
36 781 216 853 ταλάντων
234 783 412 853 ἑκκαίδεκα
431 790 477 864 είς
495 778 600 873 ὁλκὴν
613 791 737 872 χαλκοῦ
751 788 922 874 γενέσθαι.
953 789 1010 856 καὶ

36 888 128 956 τοῦτο
153 887 346 971 ἐπίφθονον
363 882 473 974 ἐφάνη
486 901 554 968 τοῖς
568 883 643 956 τότε
655 883 863 976 ἀνθρώποις·
883 888 939 957 καὶ
954 890 970 956 έ
995 927 1009 936 -

36 983 307 1074 ανορθοόσασθαι
321 984 520 1075 βουλόμενοι
542 982 636 1076 αὐτό,
655 985 713 1068 τάς
732 988 796 1077 μὲν
808 985 1009 1078 χρηματικὰς

37 1095 194 1158 ἔπαυσαν
213 1093 348 1176 ζημίας,
373 1086 579 1178 μετήνεγκαν
599 1084 633 1159 δ’
654 1097 702 1171 είς
719 1089 897 1181 προβάτων
922 1095 1010 1162 ἐκτί-

37 1211 143 1278 σματα
161 1190 221 1258 καὶ
240 1192 347 1276 βοῶν,
370 1186 526 1275 τάξαντες
549 1193 605 1261 καὶ
628 1189 758 1263 τούτων
773 1187 921 1283 ἀριθμόν
937 1207 1009 1274 ταῖς
1028 1207 1061 1255 10

38 1289 179 1380 ὕστερον
206 1291 377 1378 ἐσομέναις
400 1288 467 1361 δπδ
489 1284 558 1363 των
579 1287 751 1383 άρχόντων
773 1310 843 1376 τοῖς
861 1292 1010 1376 ἰδιώταις

39 1398 221 1480 ἐπιβολαῖς.
259 1394 296 1461 ἐκ
315 1393 351 1462 δὲ
369 1399 428 1481 τῆς
447 1402 626 1484 Μενηνίου
649 1399 830 1482 καταδίκης
852 1391 1010 1485 ἀφορμὴν
1096 1467 1103 1482 ,

39 1485 138 1576 αὖθις
157 1489 343 1580 εἰλήφεσαν
361 1500 396 1564 ολ
411 1503 580 1584 πατρίκιοι
596 1498 657 1583 της
674 1491 756 1585 πρός
773 1496 810 1564 τδ
831 1494 1010 1585 δημοτικὸν

39 1594 155 1686 ὀργῆς,
181 1596 238 1663 καὶ
255 1592 332 1665 οὔτε
348 1592 411 1683 τὴν
429 1603 633 1686 κληρουχίαν
652 1599 834 1685 ἐπέτρεπον
850 1604 899 1666 ἐτι
917 1591 1009 1689 αὐτῷ

39 1708 229 1783 ποιεῖσθαι,
259 1692 332 1766 οὔτ’
357 1693 437 1768 άλλο
463 1696 642 1787 ἐβούλοντο
666 1695 838 1768 ἐνδιδόναι
859 1694 1010 1786 μαλακόν
1029 1720 1060 1769 15

40 1797 148 1869 οὐδέν.
187 1793 260 1886 μετ’
279 1793 320 1867 οὐ
338 1797 423 1869 πολὺ
450 1800 488 1869 δὲ
510 1800 566 1870 καὶ
589 1808 636 1894 τῷ
655 1797 751 1893 δήμῳ
768 1800 925 1888 μετέμελε
942 1806 1009 1869 τῶν

42 1901 304 1988 δεδικασμένων,
324 1899 439 1989 ἐπειδὴ
457 1898 519 1989 τὴν
536 1899 696 1991 τελευτὴν
712 1903 774 1973 τοῦ
790 1897 914 1991 ἆνδρδς
928 1898 1009 1972 ἐπά-

43 2016 134 2073 θετο·
154 1998 318 2092 οὐδὲγάρ
337 2008 391 2084 εἰς
402 2001 597 2094 ἀνθρώπων
615 2012 662 2074 ἔτι
681 2010 854 2095 συνῆλθεν
867 2001 1009 2095 ὁμιλίας,

43 2099 114 2174 οὐδ’
142 2108 181 2173 έν
206 2107 354 2195 δημοσίῳ
384 2107 452 2175 τινὶ
480 2102 563 2196 πρὸς
599 2104 741 2187 οὐδενὸς
770 2103 873 2195 ὤφθη
900 2104 1007 2199 τόπῳ·

44 2205 114 2289 ἐξόν
129 2232 168 2275 τε
186 2202 275 2297 αὐτῷ
294 2203 355 2294 τὴν
373 2212 492 2295 ζημίαν
510 2210 677 2277 ἐκτίσαντι
698 2206 842 2295 μηδενὸς
859 2203 1010 2276 ἆπελαό-
1027 2230 1061 2279 20
1176 2223 1177 2228 ’

44 2318 163 2379 νεσθαι
179 2310 247 2377 τῶν
264 2310 401 2377 κοινῶν·
422 2310 545 2396 ἕτοιμοι
562 2304 628 2397 γάρ
642 2298 730 2394 ἦσαν
744 2302 807 2377 οὐκ
819 2302 927 2394 ὀλίγοι
941 2312 1009 2376 τῶν

44 2413 240 2497 ἐπιτηδείων
263 2405 367 2479 αὐτοῦ
389 2408 451 2497 τὴν
474 2412 659 2497 καταδίκην
684 2403 909 2497 ἀπαριθμεῖν·
945 2405 1009 2478 οὐκ

43 2508 200 2599 ἠξίωσεν,
224 2505 308 2579 ἀλλὰ
325 2508 476 2581 θανάτου
501 2507 564 2599 την
587 2508 766 2600 ονμφορέιν
787 2506 1009 2598 τιμησάμενος

44 2624 126 2684 οἴκοι
143 2612 255 2699 μένων
272 2614 329 2681 καὶ
346 2609 471 2683 οὐδένα
488 2614 706 2701 προσιέμενος
723 2606 791 2682 όπό
807 2640 843 2682 τε
860 2606 1009 2700 άθνμίας

46 2716 96 2785 καὶ
114 2717 219 2782 σίτων
243 2714 361 2802 ἐποχῆς
385 2716 572 2804 μαρανθεὶς
596 2712 722 2802 άπέστη
746 2718 806 2784 τοῦ
830 2719 916 2801 βίον.
953 2715 1010 2783 καὶ
1027 2732 1061 2781 25

45 2814 82 2885 τά
103 2814 167 2905 μὲν
190 2816 226 2883 ἐν
248 2812 355 2909 τούτῳ
382 2817 577 2907 πραχθέντα
600 2820 646 2909 τῷ
665 2818 808 2909 ἐνιαυτῷ
824 2813 938 2885 τοιάδε
954 2804 1008 2902 ἦν.
1100 2858 1105 2863 -
1139 2898 1144 2907 ¹

118 2914 269 2984 XXVIII.
301 2923 456 2989 Ποπλίου
476 2918 514 2987 δὲ
534 2914 723 3006 Οὐαλερίου
742 2913 936 2987 Ποπλικόλα
954 2918 1010 2982 καὶ

52 3028 148 3090 Γαῖον
176 3026 331 3089 Ναυτίου
362 3016 628 3111 παραλαβόντων
657 3015 719 3106 τὴν
743 3013 868 3106 ἀρχήν,
900 3017 1010 3106 έτερος
1041 3043 1044 3047 ’

48 3118 128 3211 ἀνὴρ
145 3119 247 3191 πάλιν
270 3123 338 3190 τῶν
361 3126 546 3212 πατρικίων
564 3117 727 3211 Σερούιος
744 3122 960 3215 Σερηνίλιος,
991 3111 1009 3186 ό

49 3227 90 3313 τῷ
107 3218 309 3311 παρελθόντι
326 3217 521 3305 ὑπατεύσας
539 3227 616 3309 ἔτει,
633 3216 706 3310 μετ’
726 3218 766 3291 οὗ
784 3218 893 3290 πολδν
910 3214 931 3307 ἢ
948 3215 1011 3306 τὴν
1028 3236 1062 3285 30

50 3318 347 3413 λρχὴνάποθέσθαι
355 3322 478 3413 χρόνον
489 3330 535 3405 εἰς
545 3319 604 3393 τόν
613 3320 699 3413 ὑπὲρ
708 3327 767 3411 της
777 3323 885 3411 ψυχῆς
896 3317 1011 3409 ἆγωνα

52 3422 141 3515 ἤχθη.
177 3430 212 3495 οί
228 3426 266 3497 δέ
281 3428 465 3517 προθέντες
490 3421 661 3519 αὐτῷτὴν
679 3426 716 3494 ίυ
732 3428 779 3517 τῷ
799 3420 893 3516 δήμῳ
912 3427 1012 3509 δίκην
