2384 3850
480 65 804 144 --κ--γ
1013 85 1054 148 51

75 258 143 326 τού
186 260 334 346 δικαίου,
376 265 511 328 πολλων
546 255 692 328 ἐνόντων
726 260 782 329 καὶ
816 255 928 330 άλλων
963 259 1057 347 λίγε-

79 370 177 429 σθαι.

162 457 331 527 XXXXJI.
362 453 420 541 Ὡς
443 461 480 530 δὲ
497 463 559 531 ,καὶ
583 467 735 530 συνοίσει
756 466 803 554 τῷ
828 463 931 554 κοινῷ
953 464 1057 553 ταῦτα

79 559 130 641 ὦς
153 559 172 630 ὁ
197 562 301 650 δῆμος
323 555 411 643 άξιοῑ
426 559 604 651 γινόμενα,
631 559 732 653 μικρά
764 561 955 645 διεξιόντων
979 557 1057 632 άνί-
1188 627 1189 630 ,

78 673 197 752 χεσθε.
212 663 295 752 φέρε
308 660 383 754 γάρ,
395 672 429 733 εί
438 690 487 745 τις
500 658 587 752 ύμάς
602 669 720 755 ἔροιτο,
730 671 765 733 τί
775 665 931 752 μέγιστον
942 672 1057 732 οίεσθε
1093 685 1108 732 5
1188 717 1189 736 2

81 763 265 833 εἶναιτῶν
283 763 608 854 καταλαμβανόντων
632 769 745 836 κακῶν
767 761 826 846 τάς
848 762 983 852 πόλεις,
1002 765 1058 832 καὶ

80 869 146 936 τοῦ
163 871 320 954 ταχίστου
343 869 411 938 τῶν
434 863 589 956 ὀλέθρων
615 877 739 955 αίτιον,
763 856 817 956 ἆρ’
838 863 913 956 ούχὶ
931 863 994 952 την
1012 870 1059 934 δι-

81 972 268 1055 χοστασίαν
281 964 398 1038 εἴποιτ’
414 964 473 1053 άνς
488 970 559 1057 ἐμοὶ
570 971 655 1056 γοῦν
667 973 767 1038 δοκεῖ.
786 973 836 1049 τίς
850 965 880 1037 δ’
896 963 992 1057 ὑμῶν
1001 965 1061 1036 ού-

5 1117 8 1149 r
81 1096 151 1150 τως
168 1064 303 1156 ἠλίθιός
326 1071 417 1140 ἐστιν
434 1065 455 1158 η”
473 1065 586 1156 σκαιός
610 1066 630 1158 ἢ
654 1072 739 1162 πίρα
762 1072 824 1140 τού
845 1076 983 1159 μετρίου
1004 1097 1060 1157 μι-

5 1221 8 1228 2
83 1171 159 1239 σῶν
176 1165 239 1257 τὴν
258 1176 444 1261 ἰσηγορίαν,
463 1167 500 1252 δς
517 1168 582 1242 ούκ
600 1170 704 1258 οἶδεν,
723 1167 774 1240 ότι
793 1173 1059 1258 δοθείσηςίξου-
1079 1191 1112 1238 10
1188 1181 1189 1184 ’

12 1283 72 1334 ,403
82 1278 162 1351 σίας
186 1274 233 1364 τῷ
258 1269 353 1366 δήμω
376 1279 506 1362 κρίνειν
534 1267 573 1354 ἃς
599 1276 726 1356 ἔξεστιν
749 1270 839 1365 αύτῷ
864 1277 959 1353 δίκας
977 1267 1061 1341 κατά

83 1371 147 1442 τόν
162 1370 268 1460 νόμον
286 1372 354 1443 ἐν
339 1381 469 1464 ομουοί
456 1403 479 1442 α
496 1372 777 1499 πολιτευσόμεθα;
798 1347 829 1443 εί
846 1375 883 1442 δε
900 1368 1061 1444 τάναντία

8 1499 9 1503 ’
83 1479 222 1562 γνοίητε
241 1475 298 1542 καὶ
315 1469 540 1562 άφίλοισθε
523 1478 619 1564 ημοέν
643 1503 705 1563 την
724 1477 937 1596 ἐλευθερίαν
967 1478 1062 1544 ἐλευ-

6 1649 7 1654 ,
84 1581 211 1674 θερίαν
225 1572 297 1665 γάρ
315 1571 549 1702 άμαιρήσεσθε
576 1581 675 1664 δίκην
700 1577 756 1644 καὶ
774 1571 878 1664 νόμον
896 1569 1062 1665 άςοαιρού-

84 1694 199 1766 μενοι
228 1675 451 1760 στασιάζειν
434 1681 538 1801 ημᾶς
544 1668 646 1758 αὖθις
664 1672 870 1765 ἀναγκάσετε
887 1677 943 1746 καὶ
962 1685 1061 1747 πολε·
1081 1697 1112 1744 15
1188 1669 1189 1672 ¹

5 1865 6 1873 ἵ
84 1793 175 1866 μεῖν
184 1774 283 1866 ύμῑν;
311 1769 389 1860 ἐξ
367 1807 406 1902 ης
429 1777 494 1869 γάρ
517 1773 560 1850 άν
584 1781 727 1869 ἕξελαθῇ
751 1776 893 1878 πόλεως
905 1783 982 1866 δίκη
1006 1781 1062 1848 καὶ

7 1942 10 1949 ,
84 1877 208 1969 νόμος,
245 1885 293 1961 εἰς
315 1878 442 1972 ταύτην
465 1879 581 1963 στάσις
606 1873 863 1970 εἰσπορεύεσθαι
888 1888 980 1971 φιλεῖ
1006 1880 1062 1951 καί

5 2077 6 2080 ¹
84 1979 241 2068 πόλεμος.
286 1984 343 2051 καί
366 1979 439 2053 ὅσοι
457 1983 519 2072 μὲν
536 1978 599 2054 ούκ
616 1972 725 2071 ἦλθον
750 1989 797 2063 είς
815 1997 936 2073 πεῖραν
949 1986 1063 2073 ’ἐμφυὴ

85 2080 399 2174 λίωνσυμφορεὸν,
431 2082 534 2156 ούδδν
550 2084 766 2174 θαυμαστόν,
792 2090 822 2153 εί
841 2082 885 2154 δι’
907 2080 1063 2176 ἀπειρίαν

84 2186 157 2254 τῶν
174 2190 289 2254 κακῶν
307 2183 390 2273 μήτε
408 2182 571 2275 άχθονται
583 2202 653 2267 τοῖς
666 2184 820 2276 γεγονόσι
836 2192 969 2273 δεινοῖς,
982 2183 1063 2275 μήτε
1081 2206 1114 2254 20

86 2282 281 2355 κωλύουσιν
307 2290 344 2355 ἐκ
369 2291 495 2357 πολλοῦ
519 2286 560 2359 τά
584 2290 756 2375 μέλλοντα.
802 2281 874 2355 ὅσοι
894 2282 928 2353 δ’
952 2284 1063 2376 ὥσπερ

85 2386 186 2475 ὑμεῖς
204 2393 252 2468 είς
268 2385 346 2470 τούς
365 2386 523 2478 ἐσχάτους
544 2386 725 2467 κινδύνους
743 2383 963 2469 καταστάντες
982 2381 1064 2474 άγα-

84 2596 156 2661 τῶν
180 2594 294 2660 κακῶν
320 2589 437 2681 λύσιν,
461 2598 513 2672 τίς
532 2585 701 2681 εὐπρεπὴς
718 2586 740 2679 ἢ
757 2598 875 2682 μετρία
898 2589 1064 2682 πρόφασις
1123 2672 1127 2680 η

84 2688 304 2761 ἀπολείπεται
321 2690 469 2782 τούτοις,
495 2692 554 2764 ἐάν
572 2700 621 2763 ἔτι
638 2708 710 2773 ταῖς
729 2689 847 2774 αύταῖς
866 2696 1064 2783 συμφέρων·
1082 2712 1115 2761 25

84 2821 142 2864 ται
165 2791 299 2882 τύχαιςς
331 2801 381 2875 τίς
405 2792 438 2863 δ’
460 2793 523 2865 ούκ
547 2790 589 2866 άν
612 2789 708 2889 ύμύν
726 2802 913 2917 καταγνοίη
937 2790 1065 2880 πολλὴν

84 2892 209 2964 άνοιαν
226 2895 282 2964 καὶ
300 2902 425 2985 μανιάν
441 2894 742 2986 ἐνθυμούμενος,
723 2924 774 2965 οτι
791 2923 992 2986 μικρουν
898 2894 992 2984 μὲν
1007 2901 1065 2982 ἒμ-

16 3018 76 3068 ,404
86 3008 241 3086 προσθεν
263 2994 349 3088 ὑπερ
366 3000 429 3068 τού
445 3027 490 3087 μη
509 2995 697 3081 στασιάζειν
709 2994 787 3078 τούς
802 2993 946 3086 δημότας
960 2993 1065 3065 πολλά

86 3095 179 3189 παρά
196 3126 335 3187 γνωμην
352 3093 570 3189 ὑπεμείνατε,
590 3128 638 3169 ων
657 3105 730 3168 ἔνια
748 3094 828 3169 ούτε
846 3095 1004 3168 κάλλιστα
1022 3125 1065 3185 ην

88 3213 171 3281 ἴσως
193 3197 272 3270 ούτε
301 3204 571 3271 λυσιτελεστατα
600 3195 721 3272 νύνδ’
745 3194 817 3269 οὔτ’
844 3207 891 3281 είς
914 3225 1065 3290 χρηματα
1083 3219 1116 3267 30

88 3301 302 3392 βλάπτεσθαι
314 3299 540 3392 μέλλοντες
506 3298 578 3373 ούτ’
600 3330 614 3372 ε
618 3310 646 3383 ίς
662 3296 872 3384 εύδοξίαν”
831 3330 892 3371 ουτ
896 3296 968 3381 ἐίς
984 3296 1064 3368 άλλο

5 3487 10 3498 .
88 3407 158 3476 τοῖν
175 3431 307 3519 κοινων
330 3399 407 3474 οὐδ’
434 3399 567 3493 ότιούν,
594 3410 651 3474 ἵνα
674 3409 855 3495 χαρίζησθε
878 3418 947 3482 τοϊς
969 3420 1065 3488 μισο-

9 3517 10 3520 ,
170 3522 182 3539 ,
864 3511 908 3571 4*
