2384 3850
441 130 643 188 -Θ-
966 127 1028 191 271

50 309 107 391 τῆς
128 299 237 391 τύχης
257 303 383 371 δέδωκε
402 309 513 384 δίκας·
535 298 635 390 ίκανή
652 298 716 392 γάρ
734 297 755 389 ἡ
774 301 948 394 συμφορά,
973 305 1029 372 καὶ

50 403 83 473 τὸ
109 399 264 492 μηδενὸς
293 405 434 474 ἐπαίνου
461 421 593 493 τυχεῖν,
628 401 686 493 [ῶς
710 401 755 492 δ’]
789 409 820 472 εί
842 405 899 472 καὶ
923 396 1030 498 μηδὲν
1143 494 1145 497 Ι

50 504 148 595 ἄλλο,
168 502 298 594 μεγάλη
314 521 384 587 τοῖς
401 501 541 596 ἡγεμόσι
559 507 616 575 καί
633 504 760 595 χαλεπὴ
775 511 880 594 ζημία.
904 504 945 574 ού
962 506 1029 596 μὴν

50 605 129 676 ἀλλ’
154 615 263 696 ἔγωγε
279 605 442 680 τοσούτου
462 609 526 677 δέω
546 609 668 696 λέγειν,
686 603 840 688 δαέντες
854 613 889 677 οἱ
903 608 1030 695 μέτριοι

52 715 193 780 δίκαιον
210 708 297 778 εἶναι
315 707 495 798 φήσουσιν,
516 707 559 790 ῶς
577 705 619 780 ού
637 715 693 779 δεῖ
705 735 746 798 με
764 708 867 799 τύχης
881 707 1030 790 εὐθύνας
1065 732 1082 781 ε

16 805 213 900 ῖεῖύπέχειυ,
249 807 327 880 ὥστ’
356 817 386 882 εί
408 813 463 880 καὶ
486 813 605 900 μηδεὶς
633 807 732 892 ἄλλος
761 808 892 882 τοιόνδε
915 808 1030 898 ἀγῶνα

53 909 239 1002 ὑπέμεινεν
269 919 455 1002 εἰσελθεῖν,
492 910 556 1001 έγῶ
584 909 685 1002 μόνος
717 910 758 982 οὐ
793 913 1029 1003 παραιτοῦμαι,

16 1027 20 1086 λ
54 1011 139 1084 ἀλλὰ
158 1018 325 1104 συγχωρῶ
342 1012 404 1104 τὴν
418 1012 532 1104 ,τύχην
548 1011 760 1099 ’ἐξετάξεσθαι
783 1012 846 1103 τὴν
870 1011 952 1104 ἐμὴν
969 1012 1030 1103 οὐχ

55 1109 156 1206 ἦττον
180 1121 239 1204 τῆς
264 1113 414 1208 γνῶμης,
440 1120 549 1187 έκεῖνο
573 1114 760 1207 προειπῶν·
798 1115 863 1206 έγῶ
887 1114 945 1198 τοὶς
968 1112 1030 1186 ῶν-

56 1223 235 1308 θρωπίνας
254 1216 388 1306 πράξεις
407 1217 465 1300 τῶς
483 1246 519 1288 τε
539 1224 716 1307 δυστυχεῖς
733 1221 789 1287 καὶ
806 1217 864 1301 τοὶς
879 1217 1029 1307 εὐτυχεῖς
1049 1243 1081 1294 10

57 1319 118 1390 οὐκ
138 1323 178 1390 ἐκ
196 1324 264 1391 τῶν
281 1318 364 1390 κατὰ
381 1323 479 1410 μέρος
492 1327 601 1409 ἔργων
613 1325 748 1390 πολλῶν
758 1317 868 1390 ὄντων
885 1323 941 1390 καὶ
959 1346 1030 1390 ποι-

58 1431 164 1492 κίλων
182 1417 251 1511 ὁρῶ
268 1425 477 1512 κρινομένας,
497 1418 571 1492 ἀλλ’
595 1425 631 1491 έκ
648 1425 709 1490 τοῦ
726 1424 856 1502 τέλους·
876 1424 932 1491 καλ
949 1416 1031 1491 ὅταν

58 1529 117 1611 μὲν
135 1527 237 1594 τοῦτο
255 1523 389 1614 χωρήσῃ
408 1523 490 1594 κατὰ
507 1527 609 1612 νοῶν,
634 1519 698 1593 κᾶν
720 1520 761 1591 τὰ
779 1520 901 1611 μεταξύ
924 1520 1031 1591 πολλοὶ

58 1623 138 1696 ὄντα
157 1621 203 1714 μὴ
222 1623 301 1694 καθ’
322 1621 447 1714 ἡδονὰς
465 1629 618 1714 γένηται,
635 1621 739 1695 οὐδέν
755 1615 855 1713 ἦττον
873 1627 1031 1694 ἐπαινου-

59 1731 161 1815 μένας
186 1721 252 1796 ύπό
280 1725 416 1799 πάντων
429 1724 551 1798 -ύκούω
576 1728 633 1798 καὶ
663 1728 864 1816 ζηλουμένας
893 1727 950 1794 καὶ
971 1728 1029 1814 τῆς
1050 1751 1081 1800 15

59 1827 191 1918 ἀγαθῆς
209 1831 424 1918 νομιζομένας
441 1829 561 1918 τύχης·
579 1827 662 1899 ὅταν
680 1829 718 1899 δὲ
736 1826 885 1919 πονηρὰς
902 1825 1031 1914 λάβωσι

60 1930 232 2020 τελευτάς,
257 1935 312 2001 καλ
332 1930 390 2002 ἐὰν
408 1930 540 2003 ἅπαντα
558 1929 599 2002 τοὶ
616 1929 680 2022 πρὸ
705 1934 766 2001 τού
782 1932 899 2012 τέλους
918 1933 954 2000 ἐκ
971 1932 1031 1999 τοῶ

61 2032 200 2123 ἀρίστου
218 2035 370 2124 γένηται,
390 2032 431 2105 ού
449 2038 489 2124 τῇ
509 2040 680 2125 σπουδαίᾳ
696 2032 780 2124 τύχη
798 2038 866 2104 τῶν
884 2030 1031 2122 πραξύν-
1102 2087 1104 2090 .

61 2164 127 2207 των
152 2131 414 2225 ἀποδιδομένας,
445 2132 529 2206 ἄλλα
554 2140 595 2225 τῇ
625 2138 720 2225 κακῇ.
756 2139 876 2205 τοῦτον
907 2132 949 2223 δὴ
973 2134 1032 2205 τὸν

16 2264 17 2287 ³
62 2234 189 2308 σκοπδν
206 2236 402 2327 προελόντες
420 2235 515 2308 αὐτοὶ
533 2235 695 2319 ἐξετάζετε
719 2238 774 2305 καὶ
792 2233 855 2324 τὴν
873 2235 957 2324 ἐμὴν
972 2234 1032 2305 τύ·
1050 2260 1083 2309 20

63 2370 134 2430 χην,
154 2328 178 2429 ᾗ
196 2338 285 2430 παρὰ
309 2336 387 2421 τούς
411 2342 575 2429 πολέμους
599 2338 768 2427 κέχρημαι.
806 2338 862 2404 καὶ
887 2338 947 2405 ἐὰν
969 2337 1032 2424 μέν

16 2456 56 2506 ιειε
66 2439 186 2532 εὕρητε
214 2435 398 2531 ἡττημένου
424 2469 465 2531 με
493 2438 560 2510 ὑπὸ
584 2444 653 2509 τῶν
681 2445 852 2527 πολεμίων
879 2434 1032 2526 πονηρὰν

63 2546 197 2614 καλεῖτέ
225 2571 289 2631 μου
312 2542 374 2633 την
403 2542 523 2632 τύχην·
561 2539 620 2611 ἐὰν
649 2541 688 2610 δέ
718 2537 941 2630 κεκρατηκότα
963 2542 1033 2608 τῶν

64 2648 197 2736 ἐχθρῶν
213 2640 363 2733 ἀγαθήν·
383 2648 460 2735 περὶ
473 2645 535 2734 μὲν
547 2634 611 2713 οὖν
622 2648 682 2731 τῆς
693 2640 806 2731 τύχης,
825 2637 888 2712 οὐκ
898 2637 1033 2729 ἀγνοῶν

63 2746 111 2818 ὅτι
136 2749 290 2836 φορτικοὶ
313 2746 435 2828 πάντες
460 2749 545 2817 εἰσὶν
576 2752 611 2815 oc
639 2749 717 2836 περὶ
740 2742 844 2833 αὐτῆς
867 2746 1030 2834 λέγοντες,
1049 2764 1083 2814 κε

66 2857 149 2939 έχων
168 2844 198 2917 δ’
218 2855 267 2918 ἔτι
284 2855 389 2919 πλείω
408 2851 518 2937 λέγειν
537 2846 716 2936 παύσομαι.

139 2948 259 3020 XXXI.
300 2949 435 3038 Ἐπειδὴ
455 2951 492 3020 δὲ
509 2953 566 3020 καὶ
585 2953 643 3038 τῆς
661 2946 795 3038 γυῶμης
810 2948 1035 3034 κατηγοροῦσί

65 3083 146 3143 μου,
177 3059 363 3143 προδοσίαν
389 3053 451 3141 μὲν
477 3050 517 3122 ού
547 3054 733 3141 τολμῶντες
761 3052 932 3118 ἐπικαλεῖν
955 3042 1029 3117 οὐδ’

66 3155 267 3245 ἀνανδρίαν,
293 3152 346 3244 ἐφ’
374 3150 424 3236 οἷς
449 3159 486 3223 αλ
507 3150 589 3223 κατὰ
612 3156 681 3224 τῶν
703 3148 815 3220 ἄλλων
838 3152 1034 3241 στρατηγῶν

67 3265 215 3346 γίνονται
238 3262 380 3346 κρίσεις,
413 3252 569 3347 ἀπειρίαν
595 3256 632 3325 δὲ
659 3257 719 3325 τοῦ
748 3268 947 3341 στρατηγεῖν
976 3252 1031 3319 καὶ
1050 3271 1084 3320 εο

68 3356 278 3451 ἄφροσύνην,
310 3356 360 3429 ὅτι
384 3364 547 3429 κίνδυνον
575 3351 740 3445 ὑπέμεινα
762 3351 825 3426 οὐκ
847 3352 1033 3440 ἀναγκαῖον

70 3466 120 3533 ἐπὶ
141 3459 200 3533 τὸν
222 3460 350 3555 χάρακα
374 3462 442 3531 τῶν
465 3465 634 3549 πολεμίων
658 3454 844 3546 ῶσύμενος,
870 3451 1033 3544 βούλομαι
