2384 3850
154 105 218 173 304
535 106 739 169 -ο-

153 279 247 371 ὑμίν,
266 269 293 350 ά
310 277 433 369 βουλή,
450 289 516 352 είτε
533 276 618 369 ἡδέα
635 281 727 352 ἐστὶν
743 273 883 383 ἀκούερν
900 285 965 349 είτε
988 275 1131 369 ἀνιαρά,

154 381 237 473 μετά
259 380 367 472 πάσης
390 379 552 471 ἀληθείας
580 382 637 452 καὶ
660 387 850 472 παρρησίας
878 390 1026 474 εἴρηται,
1057 397 1132 462 τοῖς

154 485 218 576 μέν
235 485 511 575 πεισθησομένοις
528 481 627 574 ύμοῐν
644 480 705 554 ἐάν
720 479 788 570 άρα
804 485 966 571 πεισθῆτε
982 489 1071 554 ἐντε
1081 487 1130 577 τῷ

154 583 296 678 παρόντι
312 585 456 679 χρήσιμα
472 587 529 656 ναὶ
548 591 595 666 είς
612 581 650 656 τό
666 587 788 675 μέλλον
802 580 952 675 ἀσφαλῆ·
981 587 1058 674 ἐμοὶ
1078 586 1129 673 δέ,

8 743 12 750 -
122 683 191 771 σός
219 686 305 780 ύπλρ
334 692 395 760 τού
424 692 520 779 κοινῇ
555 688 787 778 συμφέροντος
822 692 910 768 ἰδίας
939 683 1130 776 ἀπεχθείας

154 786 374 882 ἀναιροῦμαι,
396 795 531 861 πολλῶν
549 787 694 878 ἐσόμενα
716 785 889 861 κινδύνων
910 799 1009 859 αἴτια.
1044 815 1129 881 προ·

154 898 238 983 οράν
261 890 326 983 γάρ
351 890 463 974 ἱκανός
487 892 555 982 είμλ
577 888 619 961 τά
634 889 875 981 συμβησόμενα
893 893 930 962 ἐκ
947 894 1129 982 λογισμοῦ,

154 997 212 1064 καὶ
234 999 486 1084 παραδείγματα
511 996 668 1083 ποιοῦμαι
691 990 732 1064 τά
756 988 915 1084 ἀλλότρια
935 989 1032 1082 πάθη
1057 996 1129 1064 των

155 1096 310 1186 ἐμαυτοῦ.

105 1220 137 1271 10
230 1195 325 1265 Lllll.
369 1193 468 1268 Ταῦτ’
489 1193 641 1279 εἰπόντος
661 1193 816 1285 Ἀππίου,
839 1198 896 1266 καλ
918 1198 989 1266 των
1009 1193 1127 1268 ἀλλων

154 1295 271 1388 όλίγου
290 1304 365 1370 δεῖν
381 1295 518 1369 πάντων
534 1296 598 1386 τὴν
621 1292 728 1388 αὐτὴν
744 1296 885 1387 γνιάμην
907 1293 1126 1389 ἀποφηναμέ-

154 1429 237 1491 νων,
255 1398 352 1492 ἡμὲν
363 1398 470 1489 βουλὴ
488 1397 647 1472 διελύετο.
675 1405 710 1470 ολ
725 1399 764 1470 δέ
781 1397 945 1491 δήμαρχοι
961 1395 1009 1470 δι’
1021 1394 1127 1492 ἀργῆς

154 1510 284 1593 ἔχοντες
318 1499 380 1593 τὴν
409 1499 596 1592 ἀποτυχίαν
626 1497 792 1592 ἀπῄεσαν,
828 1504 884 1572 καλ
911 1497 994 1591 μετά
1027 1498 1123 1574 τοῦτ’

155 1603 340 1694 ἐσκόπουν,
374 1599 465 1686 ὅπως
493 1601 737 1695 τιμωρήσονται
762 1601 823 1675 τόν
845 1600 971 1694 ἀνδρα·
1008 1607 1126 1688 ἐδοξευ
1134 1620 1186 1675 1893

104 1727 137 1778 15
154 1697 218 1778 οὖν
234 1704 348 1788 αὐτοῖς
371 1701 482 1793 πολλά
495 1707 778 1796 βουλευσαμένοις
802 1710 879 1798 δίκη
902 1702 962 1776 τόν
977 1702 1126 1778 Ἀππιον

152 1805 344 1898 ὑπαγαγεῖν
377 1805 528 1880 θάνατον
563 1804 684 1899 έχούση
712 1804 751 1878 τό
771 1813 907 1898 τίμημα.
949 1808 1006 1877 καί
1040 1805 1125 1898 μετά

152 1913 258 1982 ταῦτα
276 1914 313 1983 ἐν
327 1915 486 2003 ἐκκλησία
502 1912 564 1981 τού
580 1905 704 2002 ἀνδρὸς
721 1906 1021 2003 κατηγορήσαντες,
1039 1936 1124 2003 παρ·

154 2009 298 2083 εκάλουν
325 2008 420 2101 ἥκειν
448 2008 599 2094 ἅπαντας
627 2018 676 2093 είς
703 2010 766 2099 τὴν
787 2008 1149 2103 ἀποδειχθησομένην
1185 2019 1186 2062 ί

152 2110 282 2205 ἡμέραν
299 2108 344 2196 τάς
363 2118 550 2195 διοίσοντας
567 2111 653 2205 ὑπὲρ
671 2109 777 2185 αύτού
793 2118 918 2203 ψῆφον.
937 2110 1010 2184 ἃδέ
1021 2142 1122 2204 κατη-

103 2240 137 2291 εο
153 2230 268 2306 γορελν
286 2221 436 2307 ἔμελλον,
455 2217 559 2289 ταῦτα
576 2206 636 2305 ἦν·
662 2211 714 2286 ότι
736 2214 886 2307 πονηράς
908 2219 1016 2288 ἐτίθει
1037 2215 1123 2287 κατὰ

152 2320 214 2390 τού
228 2315 336 2409 δήμου
353 2315 505 2409 γνάμας,
523 2319 579 2389 καὶ
592 2315 712 2389 στάσιν
730 2320 865 2407 εἰσῆγεν
877 2324 926 2399 είς
936 2315 998 2407 τὴν
1009 2315 1121 2408 πόλιν,
1181 2359 1187 2383 ι

153 2422 210 2491 καλ
228 2418 387 2515 δημάρχῳ
404 2436 517 2511 χεῖρας
541 2416 704 2509 ἐπήνεγκε
720 2418 812 2512 παρά
828 2418 906 2503 τούς
929 2416 1041 2511 ἱερούς
1062 2417 1122 2491 νό-

153 2551 254 2612 μους,
280 2524 337 2593 καλ
359 2525 515 2613 στρατιάς
540 2519 749 2612 ἡγησάμενος
778 2518 844 2593 σύν
868 2519 979 2613 βλάβη
1001 2548 1040 2591 τε
1065 2523 1121 2593 καλ

153 2620 450 2794 αίσχύᾚεγάλη
474 2619 668 2715 ἀνέστρεψε.
702 2630 810 2694 ταῦτα
836 2620 1054 2715 προειπόντες
1084 2627 1121 2694 ἐν

102 2746 135 2799 25
153 2730 200 2818 τῷ
222 2732 288 2813 πλη
317 2750 363 2812 ει,
394 2726 451 2794 καὶ
474 2722 579 2815 ῥητήν
604 2753 681 2799 τινα
710 2722 947 2809 ἀποδείξαντες
980 2720 1119 2816 ἡμέραν,

153 2828 191 2896 ἐν
207 2815 231 2916 ᾗ
248 2827 339 2908 τέλος
360 2832 495 2916 ἔφησαν
519 2824 695 2915 ἐπιθήσειν
717 2830 759 2919 τῇ
777 2833 873 2919 δίκη,
891 2824 1120 2920 παρήγγειλαν

152 2926 244 2999 αύτι
262 2944 420 3020 παρεῖναι
436 2925 511 2999 τότε
526 2924 816 3025 ἀπολογησομένῳ.
839 2925 1118 3020 ἀγανακτούντων

153 3030 192 3099 δέ
213 3028 373 3101 ἁπάντων
399 3033 468 3102 τάν
494 3037 680 3122 πατρικίων
707 3033 764 3102 καὶ
793 3034 1118 3130 παρεσκευασμένων

152 3128 264 3221 άπάση
282 3138 457 3226 προθυμίη
474 3132 591 3219 σύξειν
608 3130 668 3205 τόν
684 3130 812 3225 ἀνδρα,
830 3135 888 3205 καλ
904 3130 1118 3205 τὸνἍππιον

101 3252 135 3304 80
153 3230 438 3322 παρακαλούντων
456 3234 539 3319 είξαι
555 3238 603 3328 τῷ
620 3237 726 3329 καιρῷ
743 3237 800 3306 καὶ
818 3240 929 3327 σχῆμα
944 3251 1019 3317 ταῖς
1037 3261 1118 3324 παρ·

152 3330 268 3414 ούσαις
285 3331 400 3422 τύχαις
417 3332 581 3423 ἁρμόττον
596 3344 811 3426 μεταλαβεῖν,
828 3331 933 3409 ούδδν
945 3344 1011 3429 ἐφη
1025 3330 1117 3424 ποιά·
1184 3407 1187 3426 ,

152 3451 226 3501 σειν
248 3430 266 3503 ὁ
289 3430 377 3525 ἀνὴρ
398 3431 470 3504 οὔτ’
497 3432 636 3524 ἀγεννές
662 3433 742 3509 οὔτε
767 3442 837 3510 τῶν
864 3434 1117 3531 προγεγονότων
