2384 3850
21 683 56 736 οι
294 649 797 748 ΔΙΟΝΥΣΙΟΤ

400 835 692 888 ΑΛΙΚΔΡΝΔΣΕΩΣ

193 971 474 1050 mmmm
500 919 898 1051 ΑΡΧΑιοΛοΓιΑΣ

394 1143 522 1195 ΛΟΓΟΣ
540 1143 698 1196 ΟΓΔΟΟΣ.

493 1317 595 1324 -m

140 1494 187 1558 Οί
195 1487 241 1556 ,δὲ
259 1485 341 1575 μετά
358 1483 498 1568 τούτους
521 1484 781 1575 ἀποδειχθέντες
802 1481 925 1556 ύπατοι
950 1482 1034 1554 κατά

67 1584 124 1676 τὴν
146 1587 401 1679 ἑβδομηκοστὴν
423 1590 480 1658 καί
503 1592 620 1678 τρίτην
642 1584 858 1675 ὀλυμπιάδα,
882 1583 963 1656 καθ’
990 1583 1034 1674 ἢν

68 1692 156 1761 ἐνίκα
172 1688 314 1761 στάδιον
326 1686 483 1772 Ἀστύλος
499 1687 735 1780 Κροτωνιάτης
758 1685 916 1779 ἀρχοντος
931 1683 1035 1777 Ἀθή-

67 1812 160 1880 νησιν
176 1791 352 1881 Ἀγχίσου,
382 1789 483 1873 Γύιος
507 1786 642 1873 Ἰούλιος
661 1787 783 1872 Ἰούλος
806 1793 862 1860 καί
885 1787 1034 1872 Πόπλιος

68 1892 225 1985 Πινάριος
240 1888 395 1983 Ῥοῦφος,
419 1889 543 1986 ἀνδρες
565 1889 684 1981 ἥκιστα
707 1894 879 1983 πολεμικοὶ
903 1893 960 1963 καὶ
980 1889 1034 1963 διά
1068 1913 1085 1963 5
1172 1924 1173 1929 ¹

22 1999 161 2068 ουστούτο
183 1995 416 2088 μάλιστατῆς
438 1993 542 2086 ἀρχῆς
570 1994 694 2084 ταύτης
717 1994 807 2091 παρά
835 1998 897 2065 τού
925 1992 1034 2084 δήμου

68 2096 235 2187 τυχόντες,
261 2106 309 2180 είς
332 2095 476 2179 πολλούς
499 2099 556 2167 καί
578 2097 744 2187 μεγάλους
769 2093 1037 2187 ἠναγκάσθησαν
1062 2122 1064 2129 ’

69 2198 246 2283 κινδύνους
277 2204 480 2287 καταστῆναι
512 2201 660 2288 πολέμου
690 2202 956 2290 καταρραγέντος
983 2199 1035 2268 ἐπὶ

69 2306 121 2391 της
139 2306 281 2373 ἐκείνων
297 2296 411 2391 ἀρχῆς,
431 2298 476 2370 δι’
497 2291 546 2371 (όν
564 2298 695 2388 ἡπόλις
712 2298 829 2388 ὀλίγον
844 2304 983 2387 ἐδέησεν
1000 2302 1037 2367 ἐκ

69 2402 208 2495 βάθρων
224 2401 457 2492 ἀναιρεθῆναι.
500 2400 602 2490 ὁγάρ
622 2400 776 2488 Μάρκιος
794 2405 920 2497 ἐκεῖνος
939 2395 1035 2469 ὁΚο-
1056 2421 1088 2469 10

71 2505 239 2594 μολύνος,
270 2502 288 2575 ὅ
312 2501 374 2592 τὴν
399 2505 454 2573 ἐπὶ
476 2507 518 2593 τῇ
542 2507 721 2591 τυραννίδι
745 2509 856 2572 αἰτίαν
876 2508 962 2591 ἔχων
980 2504 1036 2571 καὶ

71 2610 160 2698 φυγῇ
172 2605 273 2699 ἀιδίω
289 2609 434 2689 ἐλαθείς,
448 2601 646 2693 ἀγανακτῶν
656 2602 680 2673 τ’
690 2606 745 2673 ἐπὶ
754 2608 795 2696 τῇ
809 2608 967 2696 συμφορᾷ
981 2604 1046 2683 καὶΙ

71 2716 230 2799 τιμωρίαν
247 2704 338 2797 παρά
360 2710 429 2778 των
446 2709 579 2798 ἐχθροῖν
596 2703 803 2795 βουλόμενος
827 2713 964 2794 λαβεῖν,
990 2703 1036 2775 δι’

73 2798 157 2879 οὔδ’
178 2804 223 2879 ἀν
241 2807 325 2897 αὕτη
343 2812 472 2896 γένοιτο
489 2806 616 2898 τρόπου
634 2810 690 2878 καὶ
709 2806 754 2877 δι’
776 2814 848 2889 οἵας
864 2807 1038 2896 δυνάμεως

73 2906 289 2999 ἀνασκοπῶν,
316 2915 398 2999 μίαν
421 2906 555 3000 εὕρισκε
568 2908 738 3000 Ῥωμαίοις
762 2908 836 2980 τότε
854 2905 1039 2980 ἀντίπαλον
1058 2925 1090 2974 15

76 3008 168 3100 ἰσχύν
184 3010 247 3101 την
267 3008 509 3099 Οὐολούσκων,
535 3017 567 3082 εί
587 3015 685 3102 κοινῇ
702 3009 905 3100 χρησόμενοι
922 3006 1038 3099 γνοόμη

75 3114 127 3181 καὶ
147 3111 305 3203 τυχόντες
330 3111 492 3202 ἡγεμόνος
522 3120 689 3203 ἔμφρονος
717 3110 931 3202 ἐνστήσονται
958 3110 1040 3201 πρός

76 3209 193 3296 αύτούς
218 3214 279 3287 τὸν
300 3214 455 3304 πόλεμον.
501 3218 664 3302 ἐλογίζετο
687 3204 768 3303 οὖν,
794 3209 838 3296 οἷς
862 3220 893 3285 εί
915 3220 1041 3284 πείσειε

76 3312 149 3396 τούς
168 3313 404 3398 Οὐολούσκους
429 3318 595 3402 δέξασθαί
615 3344 652 3386 τε
669 3311 774 3387 αύτὸν
796 3317 852 3385 καὶ
875 3314 938 3405 τὴν
963 3310 1042 3404 ἡγε-

78 3424 194 3500 μονίαν
212 3420 385 3507 ἐπιτρέψαι
402 3421 463 3488 τού
479 3420 643 3507 πολέμου,
671 3422 796 3508 ῥᾳδίως
815 3414 905 3511 αύτῷ
926 3423 1043 3488 διαπε-
1060 3432 1095 3482 20
