2384 3850
435 113 635 172 ...NZ-
913 99 1020 180 ’3

9 339 12 366 ,
51 277 338 368 έκεῖθενάγοντες
356 279 399 372 ἣν
416 277 435 352 δ
449 282 614 374 τύραννος
628 291 733 356 ἔδωκε
746 285 889 378 δωρεάν,
907 284 1021 361 ούκέτι

9 374 10 379 ¹
49 381 117 470 μὴν
135 379 225 470 παρά
241 381 517 472 τῶνἙλληνικων
532 383 680 470 ἐξετάσαι
694 392 918 478 συγγραφέων
930 388 1020 472 ὅστις

49 475 92 571 ἦν
109 480 273 574 τύραννος
292 482 364 555 τότε
383 494 551 575 Σικελίας,
570 483 802 577 ἀβασανίστως
820 493 861 560 δέ
875 517 945 574 πως
963 495 1020 562 καὶ

50 580 134 656 κατά
151 583 189 654 τδ
205 585 395 676 προστυχὸν
412 598 526 658 θεῖναι
543 586 604 660 τδν
620 587 813 661 Διονύσιον.

128 684 165 754 ΙΙ.
205 692 250 756 Οί
263 688 325 776 μὲν
342 678 404 758 οὖν
428 692 482 758 ἐπὶ
499 698 661 761 Σικελίαν
685 693 840 773 πλέοντες
863 693 1018 783 πρέσβεις
1053 711 1071 761 5

49 791 188 876 χειμῶνι
210 787 411 878 χρησάμενοι
436 789 519 861 κατά
542 789 714 862 θάλατταν
736 794 792 862 καὶ
821 790 934 887 κύκλῳ
956 793 1020 884 τὴν

50 891 157 975 νησον
185 899 361 979 περιπλεῖν
385 889 673 982 ἀναγκασθέντες,
704 891 835 982 χρόνιοί
862 923 898 966 τε
920 894 1020 983 κατή-

48 1002 184 1078 χθησαν
201 989 283 1080 πρὸς
301 989 360 1061 τδν
375 990 561 1082 τύραννον,
585 996 642 1063 καὶ
659 991 722 1083 τὴν
738 992 928 1087 χειμερινὴν
952 999 1021 1067 ἐκεῖ

49 1098 285 1183 διατρίψαντες
296 1091 387 1183 ὥραν
399 1092 481 1182 μετά
492 1093 550 1184 [τὸ]
562 1098 663 1185 θέρος
679 1099 872 1185 ἐπανῆλθον
882 1105 929 1178 είς
939 1092 1021 1168 Ἰτα-

48 1199 128 1262 λίαν
151 1192 275 1276 πολλὰς
298 1203 487 1283 κομίζοντες
510 1192 643 1287 ἀγοράς.
685 1201 732 1269 ,ολ
753 1193 786 1267 δ’
817 1205 865 1278 είς
887 1195 925 1268 ἰδ
942 1208 1019 1268 Πω-
1038 1220 1073 1269 10

47 1311 209 1382 μεντῖνον
230 1289 471 1377 ἀποσταλέντες
493 1303 630 1386 πεδίον,
662 1295 780 1385 ὀλίγον
796 1299 859 1388 μέν
877 1301 1020 1389 ἐδέησαν

48 1393 95 1477 ὡς
120 1395 322 1468 κατάσκοποι
347 1395 429 1488 πρδς
453 1401 521 1469 τάν
547 1397 775 1470 Οὐολούσκων
797 1395 1022 1491 ἀναιρεθῆναι

49 1501 291 1588 διαβληθέντες
314 1494 381 1569 ύπδ
410 1503 478 1569 τῶν
504 1502 539 1570 ἐκ
558 1498 681 1589 Ῥώμης
711 1499 893 1588 φυγάδων,
921 1511 1021 1589 χαλε-

9 1615 36 1664 15
46 1602 120 1680 πῶς
156 1599 195 1669 δέ
220 1597 311 1670 πάνυ
342 1599 398 1669 διδ
425 1597 489 1689 την
518 1610 715 1690 προθυμίαν
742 1603 811 1670 τῶν
840 1606 939 1670 ἰδίων
966 1605 1020 1684 ξέ-

46 1727 120 1770 νων
148 1697 233 1770 αύτά
257 1707 425 1772 ’διασῶσαι
456 1704 661 1789 δυνηθέντες
689 1699 730 1772 τά
758 1699 911 1790 σοι’ματα,
942 1708 1020 1792 δίχα
1038 1721 1073 1772 15

43 1805 116 1872 των
133 1799 309 1892 χρημάτων
332 1799 541 1892 ἀνέστρεψαν
564 1811 612 1884 είς
629 1803 691 1893 τὴν
702 1801 831 1893 Ῥώμην
848 1800 1018 1892 ἄπρακτοι.

43 1900 146 1993 ὅμοια
163 1905 201 1975 δὲ
217 1900 346 1985 τούτοις
364 1907 490 1993 συνέβη
509 1917 635 1976 παθεῖν
652 1907 708 1977 καὶ
725 1920 794 1986 τοῖς
808 1912 855 1986 είς
868 1903 929 1996 τὴν
939 1901 1021 1977 Ἰτα-

44 2010 164 2076 λιῶτιν
186 2001 402 2096 ἀφικομένοις
426 2004 556 2100 Κύμην.
613 2011 669 2077 καί
697 2006 761 2097 γάρ
790 2011 827 2077 έν
851 2005 956 2097 ταύτη
978 2010 1021 2098 τῇ

44 2106 144 2178 πόλει
161 2110 277 2177 πολλοὶ
291 2106 461 2197 Ῥωμαίων
484 2115 729 2199 διατρίβοντες,
752 2116 788 2179 οί
808 2107 874 2179 σύν
896 2112 943 2202 τῷ
960 2116 1019 2197 βα-

44 2216 331 2303 σιλεῖΤαρκυνίμ
351 2212 575 2291 διασωθέντες
590 2214 626 2279 ἐκ
639 2215 697 2299 τῆς
709 2215 901 2291 τελευταίας
914 2207 1019 2299 μάχης
1037 2235 1073 2285 20

44 2307 217 2399 φυγάδες,
241 2309 279 2380 τὸ
303 2311 366 2400 μὲν
382 2314 516 2401 πρῶτον
535 2314 740 2393 ἐξαιτεῖσθαι
764 2308 856 2397 παρά
878 2314 939 2379 τοῦ
962 2339 1019 2380 τυ·
1053 2307 1057 2314 ⁴

44 2410 177 2501 ράννου
194 2409 271 2492 τούς
288 2409 414 2502 ἀνδρας
433 2414 653 2501 ἐπεχείρησαν
677 2413 730 2481 ἐπὶ
747 2408 902 2503 θανάτῳ·
934 2407 1019 2481 ἀπο-

42 2506 204 2603 τυχόντες
224 2512 261 2582 δὲ
269 2511 390 2585 τούτου
404 2510 504 2605 ῥύσια
518 2530 698 2603 κατασχεῖν
710 2516 814 2582 ταῦτα
827 2508 868 2582 τά
881 2508 1018 2601 σοι’ματα
1088 2505 1095 2511 ’

42 2614 140 2705 παρὰ
156 2618 214 2704 τῆς
231 2612 476 2695 ἀπεσταλκυίας
500 2611 627 2696 πόλεως
645 2613 779 2703 ἠξίουν,
806 2617 868 2694 ἕως
891 2611 1019 2683 ἀπολά-
1106 2687 1109 2691 A

42 2724 133 2803 βωσι
156 2712 214 2811 τάς
237 2718 367 2786 ἕαυτῶν
389 2714 521 2804 ούσίας,
553 2710 592 2797 ἀς
616 2723 747 2806 ἔφασαν
769 2710 836 2785 ύπδ
849 2710 1018 2804 Ῥωμαίων
1035 2738 1072 2789 25

41 2816 174 2898 ἀδίκως
193 2820 440 2907 δεδημεῦσθαι,
464 2819 520 2887 καὶ
536 2815 658 2907 ταύτης
678 2814 783 2912 ᾤοντο
803 2823 876 2886 δεῖν
892 2818 950 2905 τῆς
969 2821 1018 2885 δί-

41 2948 105 3008 κης
124 2917 185 2989 τὸν
201 2917 368 3008 τύραννον
387 2916 501 3000 αὐτοῖς
518 2922 680 3007 γενέσθαι
703 2917 830 3041 κριτην.
868 2915 886 2987 ὁ
906 2918 944 2986 δέ
960 2944 1018 2985 τυ·

42 3024 185 3111 ραννῶν
207 3017 280 3092 τότε
301 3024 361 3110 της
378 3017 498 3109 Κύμης
512 3018 748 3111 Ἀριστόδημος
770 3048 813 3106 ην
836 3013 1020 3109 δἈριστο-

40 3120 207 3213 κράτους,
226 3117 312 3212 ἀνὴρ
330 3118 371 3191 ού
387 3126 461 3192 τῶν·
475 3119 699 3212 ἐπιτυχόντων
717 3126 816 3193 ἕνεκα
832 3121 963 3208 γένους,
981 3115 1019 3200 δς

42 3229 197 3294 ἐκαλεῖτο
220 3220 382 3304 Μαλακὸς
410 3219 477 3293 ύπδ
505 3228 573 3294 τῶν
595 3219 707 3294 ἀσταῖν
737 3225 794 3292 καὶ
818 3219 882 3292 σύν
906 3218 1015 3312 χρόνῳ
1034 3244 1071 3294 30

39 3328 306 3418 γνωριμωτέραν
324 3327 384 3396 τού
399 3321 560 3414 ὀνόματος
578 3331 653 3415 ἔσχε
669 3322 732 3414 την
746 3324 930 3411 ἐπίκλησιν,
946 3319 1012 3391 εἴθ’

9 3426 96 3499 ,εὸτι
117 3432 307 3519 θηλυδρίας
326 3428 456 3515 ἐγένετο
480 3441 557 3507 παῖς
580 3419 629 3496 ἀν
652 3428 706 3495 καὶ
726 3408 937 3594 τάγυμέιξλν
954 3419 1018 3508 ἆρ-
