2384 3850
147 89 211 154 266
535 93 736 153 -Θ-

149 269 217 339 τω”ν
234 261 460 356 ἀπολομένων.
498 263 583 336 ὥστε
599 261 619 336 ὁ
636 266 700 355 μὲν
725 268 828 355 δῆμος
853 261 933 336 ου”τε
951 262 1139 356 ἑορτάζειν

38 388 42 396 “
151 364 194 450 τός
218 366 322 438 καλὸν
344 363 458 456 άγῶνα
482 367 700 459 κατορθώσας
729 365 844 456 ίηξίου,
871 363 950 437 οὑτε
975 380 1136 438 πενθεῖν

151 465 195 552 άς
215 472 268 540 ἐπὶ
285 468 414 559 μεγάλη
437 471 493 541 καὶ
515 465 689 562 άνηκέστφ
707 475 879 561 συμφορᾷ·
916 462 937 556 ἡ
956 469 994 539 δέ
1011 469 1133 558 βουλὴ

149 587 218 654 τοῖς
240 571 303 660 μὲν
325 583 419 652 θεοῖς
442 562 500 652 τάς
530 567 735 660 ἀναγκαίους
764 573 951 660 ἐψηφίσατο
981 577 1131 660 θυσίας,
1150 591 1188 639 ιι

115 701 131 749 ε
148 673 211 762 τὴν
230 671 260 742 δ’
283 675 446 744 ἐπινίκιον
463 677 523 744 τοὺ
540 671 713 762 θριάμβου
730 670 866 762 πομπὴν
882 667 946 742 οὑκ
960 674 1132 762 ἐπέτρεψε

149 772 357 865 ποιήσασθαι
374 791 442 856 τοῖς
460 772 609 857 ὑπάτοις.
644 772 716 864 μετ’
736 773 779 846 οὐ
797 771 921 855 πολλάς
940 770 972 844 δ’
993 769 1129 863 ἡμέρας

149 875 271 967 άγοράς
285 875 438 965 ἐπλήσθη
452 882 668 965 παντοδαπῆς
685 874 827 965 ἡπόλις,
844 879 913 946 τῶν
925 903 961 946 τε
975 882 1112 967 δημοσί,

148 979 375 1068 πεμφθέντων
393 980 448 1048 καὶ
468 981 537 1049 τάν
558 975 731 1050 εἰωθότων
749 975 997 1068 ἐμπορεύεσθαι
1010 974 1129 1047 πολύυ

150 1076 397 1167 εἰσαγαγόντων
404 1097 509 1167 σῖτον,
524 1075 605 1151 ὥστ’
615 1083 702 1170 ἐντῇ
709 1082 854 1172 προτέρη
868 1077 995 1160 πάντας
1005 1076 1128 1167 εὐετη-

99 1205 131 1254 10
149 1189 206 1274 ρίηι
223 1183 392 1268 γενέσθαι.

226 1280 362 1352 XXVII.
398 1285 672 1354 Καταλυθέυτων
695 1283 733 1353 δέ
755 1287 824 1353 των
845 1276 1042 1370 ὑπαιθρίων
1056 1307 1125 1356 πο-

150 1386 271 1474 λέμων,
289 1382 471 1474 ἡπολιτικὴ
484 1383 599 1466 στάσις
612 1375 712 1467 αὑθις
726 1381 898 1456 άνεκαίετο
909 1388 979 1456 τοῖν
993 1382 1125 1472 δημάρ-

148 1515 218 1576 χων
235 1485 337 1558 πάλιν
353 1484 583 1576 ταραττόντων
600 1485 636 1556 τὸ
655 1489 803 1576 πλῆθος,
821 1487 878 1555 καὶ
896 1483 936 1555 τά
953 1487 1015 1574 μὲν
1031 1483 1124 1556 ἄλλα

149 1587 373 1678 πολιτεύματα
388 1591 608 1659 διεσκέδασαν
621 1584 735 1658 αύτῶυ
753 1583 1021 1676 άντιταττόμενοι
1033 1584 1123 1677 πρὸς

99 1709 131 1759 15
149 1693 289 1761 ἕκαστον
311 1695 347 1760 οί
367 1697 549 1780 πατρίκιοι·
574 1689 637 1779 την
660 1691 698 1760 δὲ
715 1688 798 1760 κατά
816 1695 994 1778 Μενηνίου
1018 1695 1121 1777 δίκην

147 1796 207 1861 τοῦ
225 1794 347 1862 νεωστὶ
368 1787 620 1874 ὑπατεύσαντος
642 1797 751 1862 καίτοι
776 1787 883 1861 πολλά
907 1818 1119 1881 πραγματευ-

147 1895 264 1975 θέντες
282 1889 444 1965 άδύνατοι
463 1893 617 1982 έγένοντο
641 1896 814 1965 διαλύσαι·
847 1888 924 1963 άλλ’
949 1890 1119 1982 ὑπαχθεὶς

146 1992 164 2064 ὁ
183 1992 270 2084 άνηρ
289 2001 336 2074 είς
355 2001 454 2083 δίκην
471 1990 538 2065 ὑπό
559 1994 650 2084 [τιον]
671 2000 769 2067 δυεῖν
779 1992 960 2086 δημάρχων
968 2002 1117 2066 Κοΐντου

150 2100 342 2167 Κωνσιδίου
359 2096 415 2165 καὶ
439 2103 538 2165 Τίτου
556 2103 723 2167 Γενυκίου
729 2150 739 2184 ,
765 2100 821 2166 καὶ
839 2095 940 2186 λόγον
957 2093 1117 2169 άπαιτού-

94 2216 129 2265 20
147 2225 247 2286 μενος
264 2199 322 2285 τῆς
340 2204 539 2286 στρατηγίας
552 2200 615 2268 τού
626 2201 774 2288 πολέμου
784 2200 880 2281 τέλος
894 2194 965 2271 οὔτ’
982 2194 1116 2287 εύτυγές

147 2295 219 2369 οὔτ’
249 2294 411 2389 εὐπρεπὲς
429 2297 615 2389 λαβούσης,
639 2297 782 2388 μάλιστα
800 2301 837 2371 δέ
856 2298 1117 2390 διαβαλλόμενος

148 2401 202 2471 ἐπὶ
220 2404 268 2494 τῷ
287 2408 428 2490 Φαβίων
445 2398 576 2495 ὀλέθρῳ
594 2403 650 2471 καὶ
668 2407 710 2493 τῇ
727 2403 900 2493 Κρεμέρας
913 2397 1048 2489 ἁλύσει,
1067 2406 1116 2470 δι·

146 2500 301 2585 κάζοντος
317 2506 380 2573 τού
398 2506 579 2593 δημοτικοῦ
600 2499 702 2591 όχλου
719 2500 801 2574 κατά
823 2501 950 2593 φυλάς,
973 2499 1015 2573 ού
1032 2501 1111 2594 παρ’
1129 2538 1190 2591 181

145 2600 260 2691 όλίγας
278 2602 412 2692 ψήφους
436 2594 565 2693 ὦφλεν,
589 2602 663 2685 υίὸς
687 2600 735 2675 ὧν
753 2603 920 2695 Ἀγρίππα
936 2609 1115 2694 Μενηνίου

94 2720 129 2769 25
146 2710 207 2774 τοῦ
225 2704 468 2793 καταγαγόντος
487 2709 524 2776 ἐκ
540 2709 599 2794 της
617 2709 728 2795 φυγῆς
744 2705 805 2779 τόν
823 2711 929 2798 δῆμον
947 2708 1003 2777 καὶ
1020 2712 1115 2776 διαλ4

146 2803 305 2889 λάξαντος
328 2803 410 2896 πρός
434 2803 511 2888 τούς
541 2814 753 2897 πατρικίους,
789 2806 830 2880 ὃν
852 2806 1070 2881 ἀποθανόντα
1089 2806 1112 2896 η

146 2902 253 2996 βουλὴ
271 2910 393 2979 ἐκτῶν
412 2913 582 2997 δημοσίων
600 2906 778 2999 χρημάτων
790 2908 1034 2999 λαμπροτάταις
1044 2906 1113 2979 ἐκό-

146 3029 252 3097 σμησε
269 3023 402 3099 ταφαῖς,
422 3015 460 3080 αί
475 3010 513 3081 δέ
530 3027 689 3098 γυναῖκες
707 3016 745 3080 αί
756 3006 926 3101 Ῥωμαίων
945 3008 1113 3082 ἐνιαύσιον

147 3111 341 3197 ἐπένθησαν
352 3110 475 3203 χρόνον
493 3109 676 3203 πορφύραν
688 3114 744 3183 καὶ
759 3111 886 3202 χρυσόν
894 3112 1111 3201 ἀποθέμεναι.

93 3205 187 3282 30ού
205 3212 318 3300 μέντοι
336 3212 487 3285 θανάτου
505 3240 544 3303 γε
561 3210 653 3306 αὑτῷ
675 3218 712 3284 οί
728 3212 1028 3304 καταδικασάμενοι
1047 3217 1114 3284 ἐτί-

146 3332 267 3401 μησαν,
286 3309 362 3383 ἀλλ’
391 3317 582 3405 ἐκτίσματος
606 3310 724 3404 ὑπρὸς
747 3316 809 3405 μέν
825 3315 905 3397 τούς
922 3319 988 3387 υύυ
1007 3318 1111 3399 ἐξετα-
1131 3350 1134 3355 ·

146 3413 284 3502 ζόμενον
302 3421 398 3503 βίους
415 3417 558 3504 γέλωτος
577 3412 621 3487 άν
638 3414 733 3500 άξιου
743 3424 883 3507 φανείη,
902 3434 972 3499 τοῖς
987 3418 1025 3488 δὲ
1037 3415 1112 3512 τότε
