2384 3850
454 111 655 171 ..ρ-

63 284 173 358 ούδέν
190 279 386 377 ἡμαρτηκὼς
405 287 442 355 ἐν
458 279 531 364 ταῖς
547 285 724 376 προτέραις
741 293 939 377 στρατείαις,
959 294 1044 360 δυσ-

64 390 335 477 ανασχετοῦντες
351 392 387 462 ολ
400 382 523 458 ῦπατοι
538 384 602 476 τήν
618 393 810 479 παρρησίαν
827 385 948 477 αὐτοῦ,
973 407 1044 474 τοῖς

65 487 273 581 ῥαβδούχοις
292 491 471 560 ἐκέλευσαν
488 484 551 576 τήν
569 492 697 578 ἐσθῆτα
713 517 751 560 τε
762 495 1042 584 περικαταρρῆξαι

64 594 126 662 καὶ
144 607 219 672 ταῖς
236 588 374 682 ῥάβδοις
391 587 428 660 τό
446 592 541 681 σῦμα
560 593 697 672 ξαίνειν.
715 586 735 661 ὁ
754 591 793 662 δὲ
808 595 945 674 νεανίας
962 592 1042 677 τούς

63 721 105 764 τε
123 690 315 783 δημάρχους
334 695 536 781 ἐπεκαλεῖτο,
555 694 612 763 καὶ
630 703 665 764 εί
677 721 709 763 τι
726 689 840 766 άδικεῖ
855 700 969 785 κρίσιν
988 697 1043 766 ἐπὶ
1076 715 1092 764 5

64 797 139 866 τεόν
153 797 306 883 δημοτῦν
319 791 459 884 ὑπέχειν
470 791 576 883 ἠξίου.
594 789 640 876 αἱς
654 792 687 864 δ’
703 792 744 864 οῦ
757 813 938 885 προσεῖχον
951 794 1042 891 αύτῷ

64 894 130 967 τόν
148 900 232 968 υοῦυ
249 901 284 966 οί
298 891 432 985 ῦπατοι,
450 892 535 966 νἰλλά
558 913 628 976 τοῖς
652 895 854 986 ῥαβδούχοις
870 893 966 985 άγειν
983 901 1041 968 καί

63 997 209 1068 τύπτειν
238 995 493 1086 ἐπεκελεύοντο,
524 995 588 1068 οὐκ
618 994 803 1088 άνασχετόυ
832 993 1043 1090 ἡγησάμενος

66 1099 160 1170 εἶναι
173 1096 235 1189 τήν
247 1097 349 1189 ῦβριν
362 1096 462 1180 αῦτὸς
477 1101 585 1192 ἑαυτῷ
599 1107 719 1191 ταμίας
727 1103 786 1188 τῆς
797 1105 893 1189 δίκης
902 1107 1039 1190 γίνεται.

4 1227 62 1279 ιεεο
72 1199 135 1272 τόν
145 1199 251 1292 τεγδιρ
261 1203 394 1291 πρῶτον
403 1199 634 1291 προσελθόντα
643 1205 711 1274 τοῖν
720 1200 922 1293 ῥαβδούχων
930 1210 1041 1274 παίων
1060 1222 1093 1272 10

67 1309 119 1384 είς
132 1301 170 1374 τό
185 1299 365 1390 πρόσωπον
380 1307 546 1384 ἐναντίαις
559 1319 707 1393 πυγμαῖς
720 1311 856 1386 νεανίας
869 1307 926 1373 καὶ
940 1308 1041 1396 ἐρρυ-

66 1405 171 1494 μόυος
189 1400 275 1493 ἀνήρ
292 1400 471 1494 άνατρέπει
489 1406 544 1474 καλ
562 1403 622 1476 τὸν
640 1406 695 1476 ἐπί
708 1403 824 1498 τούτῳ.
850 1401 1042 1493 άγαυακτη-

67 1503 206 1584 σάντων
221 1505 258 1584 δὲ
270 1512 338 1576 τοῦυ
352 1503 490 1576 ῦπάτιον
507 1507 565 1576 καὶ
578 1509 683 1577 πᾶσιν
699 1501 768 1595 ἅμα
779 1521 849 1588 τοῖς
861 1500 1043 1595 ύπηρέταις

2 1635 3 1642 “
67 1616 276 1697 προσελθεῖν
293 1605 535 1697 κελευσάντων,
555 1604 670 1679 δεινόν
682 1636 714 1677 τι
730 1622 800 1690 τοῖς
814 1613 959 1695 παροῦσι
974 1609 1042 1677 τοῖν
1152 1675 1155 1680 .

69 1713 262 1798 δημοτικῶν
270 1707 393 1798 ἐφάνη·
408 1710 464 1780 καὶ
472 1705 592 1780 αῦτίκα
601 1711 849 1799 συστραφέντες
856 1703 976 1798 άδρόοι
984 1706 1041 1779 καλ
1061 1725 1094 1775 15

67 1808 321 1899 ἀναβοήσαντες
343 1808 381 1881 τό
404 1808 652 1900 παρακλητικὸν
674 1814 732 1900 τῆς
750 1808 905 1898 ἀλλήλων
928 1807 1040 1899 όργής,

66 1910 131 1985 τόν
160 1940 198 1983 τε
227 1920 407 1987 νεανίσκον
430 1909 621 2003 ἐξήρπασαν
643 1914 699 1984 καλ
722 1909 799 1996 τοῦς
830 1908 1043 2003 ῥαβδούχους

68 2010 265 2101 ἀπέστησαν
287 2022 443 2097 παίοντες
467 2017 523 2085 καλ
540 2022 764 2098 τελευτῶντες
783 2017 838 2085 ἐπὶ
860 2011 939 2096 τοῦς
956 2008 1042 2085 ῦπά·

70 2144 153 2197 τους
171 2114 348 2207 ὥρμησαν,
374 2119 430 2187 καὶ
453 2124 484 2187 εί
505 2114 550 2205 μή
570 2116 810 2199 καταλιπόντες
834 2119 957 2187 ἐκεῖνον
978 2112 1043 2205 τήν

69 2215 201 2306 ἀγοράν
214 2225 353 2309 ἔφυγον,
372 2215 557 2307 ἀνήκεστον
568 2216 614 2289 άν
624 2247 656 2289 τι
673 2215 778 2290 κακόν
795 2216 1038 2308 ἐξειργάσαντο.
1058 2234 1093 2284 20

70 2321 109 2389 ἐκ
135 2320 172 2389 δέ
194 2317 315 2391 τούτου
341 2315 518 2407 διειστήκει
542 2325 633 2391 πᾶσα
656 2313 678 2407 ή
700 2316 813 2405 πόλις,
831 2320 888 2387 καὶ
910 2323 946 2387 οῖ
960 2320 1041 2400 τέως

69 2417 293 2510 ἡσυχάζοντες
308 2419 470 2513 δήμαρχοι
481 2417 556 2492 τότε
567 2418 745 2510 ήγριοῦντο
756 2420 890 2489 καίτῦν
902 2411 1042 2489 ῦπάτοιν

70 2520 291 2612 κατηγόρουν.
306 2520 532 2615 περιειστήκει
538 2517 749 2611 τεήπερίτής
755 2526 955 2609 κληρουχίας
965 2517 1042 2589 στά-

71 2645 126 2705 σις
135 2629 182 2705 είς
190 2625 447 2716 ἑτέρανμείζονα
457 2618 739 2714 διάτδνῦπλρτοῦ
748 2620 1043 2712 κόσμουτήςπολι-

1 2748 59 2803 1851
70 2730 163 2807 τείας
169 2721 293 2814 άγῦνα.
308 2732 344 2797 ολ
353 2728 415 2816 μέν
423 2753 462 2816 γε
468 2732 635 2818 πατρίκιοι
648 2741 717 2807 τοῖς
728 2718 868 2805 ῦπάτοις
882 2718 926 2804 ὥς
939 2750 1039 2794 κατα·
1059 2738 1093 2789 εο

72 2827 238 2916 λυομένης
256 2825 371 2900 αύτῦυ
384 2832 442 2918 τής
457 2830 610 2911 ἐξουσίας
622 2828 966 2915 συναγανακτοῦντες,
983 2822 1042 2894 τόν

73 2932 249 3015 ἐπιβαλεῖν
265 2945 333 3012 τοῖς
350 2928 532 3021 ὑπηρέταις
556 2926 768 3018 τολμήσαντα
784 2923 868 2997 κατά
891 2928 1042 3013 κρημνοῦ
1089 2969 1091 2972 -

73 3038 194 3119 βαλεῖν
209 3026 337 3121 ήξίουν.
365 3036 401 3103 οί
414 3032 450 3101 δὲ
465 3032 637 3121 δημοτικοὶ
655 3028 902 3117 σνστρέηαντες
920 3019 1043 3107 αύτούς

72 3130 246 3221 κατεβόων
262 3160 299 3203 τε
316 3136 373 3204 καὶ
386 3129 650 3220 παρεκελεύοντο
666 3129 712 3221 μή
730 3124 928 3218 προδιδόναι
945 3130 1044 3215 σφόν

72 3231 135 3322 τήν
150 3236 360 3325 ἐλευθερίαν,
375 3230 448 3304 ἀλλ’
466 3237 521 3305 ἐπὶ
534 3230 596 3323 τήν
609 3230 739 3322 βουλήν
751 3226 788 3301 τό
802 3232 939 3321 πρᾶγμα
947 3225 1043 3317 άγειν
1060 3245 1095 3295 30

74 3336 131 3405 καὶ
155 3338 223 3406 νῦν
245 3334 386 3407 ῦπάτιον
409 3351 607 3428 κατηγορεῖν
638 3336 694 3405 καὶ
725 3337 820 3423 δίκης
843 3328 932 3411 τινός
960 3324 1042 3417 παρ’

75 3434 189 3507 αύτῦν
206 3433 324 3527 ήξίονν
340 3454 466 3527 τυχεῖν,
484 3433 535 3508 ῦτι
552 3436 612 3509 τὸν
630 3433 912 3526 ἐπικαλεσάμενον
928 3429 990 3522 τήν
1008 3433 1046 3501 ἐκ
