<?xml version="1.0" encoding="UTF-8"?>
<!DOCTYPE html PUBLIC "-//W3C//DTD XHTML 1.0 Transitional//EN"
    "http://www.w3.org/TR/xhtml1/DTD/xhtml1-transitional.dtd">
<html xmlns="http://www.w3.org/1999/xhtml" xml:lang="en" lang="en">
 <head>
  <title>
</title>
<meta http-equiv="Content-Type" content="text/html;charset=utf-8" />
  <meta name='ocr-system' content='tesseract 3.04.00' />
  <meta name='ocr-capabilities' content='ocr_page ocr_carea ocr_par ocr_line ocrx_word'/>
</head>
<body>
  <div class='ocr_page' id='page_1' title='image "./dionysihalicarn01kiesgoog_0165.png"; bbox 0 0 2384 3850; ppageno 0'>
   <div class='ocr_carea' id='block_1_1' title="bbox 77 0 750 36">
    <p class='ocr_par' dir='ltr' id='par_1_1' title="bbox 77 0 750 36">
     <span class='ocr_line' id='line_1_1' title="bbox 77 0 750 36; baseline -0.006 -13"><span class='ocrx_word' id='word_1_1' title='bbox 77 0 664 36; x_wconf 43' lang='lat' dir='ltr'><strong><em>&#39;&#39;WWth-aer</em></strong></span> <span class='ocrx_word' id='word_1_2' title='bbox 710 0 750 3; x_wconf 94' lang='lat'><strong><em>··</em></strong></span> 
     </span>
    </p>
   </div>
   <div class='ocr_carea' id='block_1_2' title="bbox 884 94 2056 171">
    <p class='ocr_par' dir='ltr' id='par_1_2' title="bbox 884 94 2056 171">
     <span class='ocr_line' id='line_1_2' title="bbox 884 94 2056 171; baseline 0.003 -18"><span class='ocrx_word' id='word_1_3' title='bbox 884 94 1296 171; x_wconf 71' lang='lat' dir='ltr'><em>——H—-5</em></span> <span class='ocrx_word' id='word_1_4' title='bbox 1936 94 2056 157; x_wconf 82' lang='lat'><strong><em>121</em></strong></span> 
     </span>
    </p>
   </div>
   <div class='ocr_carea' id='block_1_3' title="bbox 20 260 2174 3501">
    <p class='ocr_par' dir='ltr' id='par_1_3' title="bbox 112 260 2174 1265">
     <span class='ocr_line' id='line_1_3' title="bbox 112 260 2055 357; baseline 0.002 -22"><span class='ocrx_word' id='word_1_5' title='bbox 112 269 362 354; x_wconf 87' lang='grc' dir='ltr'><strong><em>φέρειν</em></strong></span> <span class='ocrx_word' id='word_1_6' title='bbox 426 263 587 333; x_wconf 79' lang='grc' dir='ltr'><strong><em>κατὰ</em></strong></span> <span class='ocrx_word' id='word_1_7' title='bbox 653 260 733 333; x_wconf 80' lang='grc' dir='ltr'>τά</span> <span class='ocrx_word' id='word_1_8' title='bbox 780 263 1211 354; x_wconf 84' lang='grc' dir='ltr'><strong><em>γυμνούμενα</em></strong></span> <span class='ocrx_word' id='word_1_9' title='bbox 1266 267 1434 355; x_wconf 84' lang='grc' dir='ltr'><strong><em>μέρη</em></strong></span> <span class='ocrx_word' id='word_1_10' title='bbox 1490 273 1609 337; x_wconf 83' lang='grc' dir='ltr'><strong><em>τὀὗ</em></strong></span> <span class='ocrx_word' id='word_1_11' title='bbox 1671 267 2055 357; x_wconf 79' lang='grc' dir='ltr'><strong><em>περιβόλου,</em></strong></span> 
     </span>
     <span class='ocr_line' id='line_1_4' title="bbox 114 361 2174 456; baseline 0.003 -22"><span class='ocrx_word' id='word_1_12' title='bbox 114 364 329 445; x_wconf 82' lang='grc' dir='ltr'><strong><em>αὐτὸς</em></strong></span> <span class='ocrx_word' id='word_1_13' title='bbox 391 366 466 434; x_wconf 73' lang='grc' dir='ltr'><strong><em>δὲ</em></strong></span> <span class='ocrx_word' id='word_1_14' title='bbox 512 361 664 446; x_wconf 81' lang='grc' dir='ltr'><strong><em>τούς</em></strong></span> <span class='ocrx_word' id='word_1_15' title='bbox 711 374 1103 454; x_wconf 72' lang='grc' dir='ltr'><strong><em>κρατίστους</em></strong></span> <span class='ocrx_word' id='word_1_16' title='bbox 1162 371 1281 454; x_wconf 78' lang='grc' dir='ltr'><strong><em>τῆς</em></strong></span> <span class='ocrx_word' id='word_1_17' title='bbox 1342 371 1652 455; x_wconf 76' lang='grc' dir='ltr'><strong><em>στρατιᾶς</em></strong></span> <span class='ocrx_word' id='word_1_18' title='bbox 1696 366 2056 456; x_wconf 72' lang='grc' dir='ltr'><strong><em>ἀναλαβών</em></strong></span> <span class='ocrx_word' id='word_1_19' title='bbox 2170 368 2174 373; x_wconf 56' lang='grc'><strong>’</strong></span> 
     </span>
     <span class='ocr_line' id='line_1_5' title="bbox 117 463 2054 558; baseline 0.002 -22"><span class='ocrx_word' id='word_1_20' title='bbox 117 470 233 536; x_wconf 84' lang='grc' dir='ltr'><strong><em>ἐπὶ</em></strong></span> <span class='ocrx_word' id='word_1_21' title='bbox 280 464 399 546; x_wconf 73' lang='grc' dir='ltr'><strong><em>τὰς</em></strong></span> <span class='ocrx_word' id='word_1_22' title='bbox 450 465 663 547; x_wconf 82' lang='grc' dir='ltr'><em>πύλας</em></span> <span class='ocrx_word' id='word_1_23' title='bbox 708 471 881 536; x_wconf 81' lang='grc' dir='ltr'><em>ἵεται</em></span> <span class='ocrx_word' id='word_1_24' title='bbox 927 465 1335 556; x_wconf 85' lang='grc' dir='ltr'><strong><em>βαλλόμενος</em></strong></span> <span class='ocrx_word' id='word_1_25' title='bbox 1381 463 1510 538; x_wconf 71' lang='grc' dir='ltr'><strong><em>ἀπὸ</em></strong></span> <span class='ocrx_word' id='word_1_26' title='bbox 1566 471 1703 539; x_wconf 71' lang='grc' dir='ltr'><strong><em>τῶν</em></strong></span> <span class='ocrx_word' id='word_1_27' title='bbox 1749 468 2054 558; x_wconf 81' lang='grc' dir='ltr'><strong><em>πύργων,</em></strong></span> 
     </span>
     <span class='ocr_line' id='line_1_6' title="bbox 114 565 2055 659; baseline 0.002 -23"><span class='ocrx_word' id='word_1_28' title='bbox 114 570 235 637; x_wconf 85' lang='grc' dir='ltr'><strong><em>καὶ</em></strong></span> <span class='ocrx_word' id='word_1_29' title='bbox 277 566 634 656; x_wconf 78' lang='grc' dir='ltr'><strong><em>διαρρήξας</em></strong></span> <span class='ocrx_word' id='word_1_30' title='bbox 682 565 838 650; x_wconf 79' lang='grc' dir='ltr'><strong><em>τούς</em></strong></span> <span class='ocrx_word' id='word_1_31' title='bbox 883 566 1173 658; x_wconf 72' lang='grc' dir='ltr'><strong><em>μοχλούς</em></strong></span> <span class='ocrx_word' id='word_1_32' title='bbox 1222 571 1620 659; x_wconf 79' lang='grc' dir='ltr'><strong><em>παρέρχεται</em></strong></span> <span class='ocrx_word' id='word_1_33' title='bbox 1665 574 1922 657; x_wconf 73' lang='grc' dir='ltr'><strong><em>πρῶτος</em></strong></span> <span class='ocrx_word' id='word_1_34' title='bbox 1962 579 2055 652; x_wconf 82' lang='grc' dir='ltr'><strong><em>εἰς</em></strong></span> 
     </span>
     <span class='ocr_line' id='line_1_7' title="bbox 114 659 2160 758; baseline -0.002 -20"><span class='ocrx_word' id='word_1_35' title='bbox 114 666 257 756; x_wconf 81' lang='grc' dir='ltr'><strong><em>τὴν</em></strong></span> <span class='ocrx_word' id='word_1_36' title='bbox 284 666 522 739; x_wconf 59' lang='grc' dir='ltr'><strong><em>πόλιν,</em></strong></span> <span class='ocrx_word' id='word_1_37' title='bbox 586 659 675 755; x_wconf 75' lang='grc' dir='ltr'><strong><em>ἦν</em></strong></span> <span class='ocrx_word' id='word_1_38' title='bbox 721 670 797 740; x_wconf 72' lang='grc' dir='ltr'><strong><em>δὲ</em></strong></span> <span class='ocrx_word' id='word_1_39' title='bbox 839 664 1215 758; x_wconf 80' lang='grc' dir='ltr'><strong><em>ὑφεστηκὸς</em></strong></span> <span class='ocrx_word' id='word_1_40' title='bbox 1250 686 1392 751; x_wconf 80' lang='grc' dir='ltr'><strong><em>ταῖς</em></strong></span> <span class='ocrx_word' id='word_1_41' title='bbox 1440 668 1682 751; x_wconf 80' lang='grc' dir='ltr'><strong><em>πύλαις</em></strong></span> <span class='ocrx_word' id='word_1_42' title='bbox 1732 668 1904 741; x_wconf 72' lang='grc' dir='ltr'><strong><em>πολὺ</em></strong></span> <span class='ocrx_word' id='word_1_43' title='bbox 1943 674 2054 741; x_wconf 86' lang='grc' dir='ltr'><strong><em>καὶ</em></strong></span> <span class='ocrx_word' id='word_1_44' title='bbox 2124 686 2160 734; x_wconf 80' lang='lat'>5</span> 
     </span>
     <span class='ocr_line' id='line_1_8' title="bbox 115 768 2057 861; baseline 0.002 -22"><span class='ocrx_word' id='word_1_45' title='bbox 115 768 447 857; x_wconf 83' lang='grc' dir='ltr'><strong><em>καρτερὸν</em></strong></span> <span class='ocrx_word' id='word_1_46' title='bbox 480 787 715 857; x_wconf 81' lang='grc' dir='ltr'><strong><em>στῖφος</em></strong></span> <span class='ocrx_word' id='word_1_47' title='bbox 748 774 884 840; x_wconf 77' lang='grc' dir='ltr'><strong><em>τῶν</em></strong></span> <span class='ocrx_word' id='word_1_48' title='bbox 918 777 1282 858; x_wconf 89' lang='grc' dir='ltr'><strong><em>πολεμίων,</em></strong></span> <span class='ocrx_word' id='word_1_49' title='bbox 1319 780 1388 840; x_wconf 79' lang='grc' dir='ltr'><strong><em>οἳ</em></strong></span> <span class='ocrx_word' id='word_1_50' title='bbox 1419 773 1732 861; x_wconf 83' lang='grc' dir='ltr'><strong><em>δέχονταί</em></strong></span> <span class='ocrx_word' id='word_1_51' title='bbox 1752 799 1824 840; x_wconf 89' lang='grc' dir='ltr'><strong><em>τε</em></strong></span> <span class='ocrx_word' id='word_1_52' title='bbox 1851 769 2057 843; x_wconf 80' lang='grc' dir='ltr'><strong><em>αὐτὸν</em></strong></span> 
     </span>
     <span class='ocr_line' id='line_1_9' title="bbox 118 871 2056 962; baseline 0.002 -21"><span class='ocrx_word' id='word_1_53' title='bbox 118 873 517 960; x_wconf 79' lang='grc' dir='ltr'><strong><em>ἐρρωμένως</em></strong></span> <span class='ocrx_word' id='word_1_54' title='bbox 553 873 665 940; x_wconf 88' lang='grc' dir='ltr'><strong><em>καὶ</em></strong></span> <span class='ocrx_word' id='word_1_55' title='bbox 700 873 889 960; x_wconf 85' lang='grc' dir='ltr'><strong><em>μέχρι</em></strong></span> <span class='ocrx_word' id='word_1_56' title='bbox 926 875 1180 941; x_wconf 78' lang='grc' dir='ltr'><strong><em>πολλοῦ</em></strong></span> <span class='ocrx_word' id='word_1_57' title='bbox 1231 874 1702 961; x_wconf 81' lang='grc' dir='ltr'><strong><em>διεκαρτέρουν</em></strong></span> <span class='ocrx_word' id='word_1_58' title='bbox 1736 871 2056 962; x_wconf 79' lang='grc' dir='ltr'><strong><em>ἀγωνιζό-</em></strong></span> 
     </span>
     <span class='ocr_line' id='line_1_10' title="bbox 116 967 2055 1061; baseline 0.002 -20"><span class='ocrx_word' id='word_1_59' title='bbox 116 990 344 1060; x_wconf 84' lang='grc' dir='ltr'><strong><em>μενοι·</em></strong></span> <span class='ocrx_word' id='word_1_60' title='bbox 401 967 668 1042; x_wconf 72' lang='grc' dir='ltr'><strong><em>πολλὲὄν</em></strong></span> <span class='ocrx_word' id='word_1_61' title='bbox 706 973 780 1042; x_wconf 75' lang='grc' dir='ltr'><strong><em>δὲ</em></strong></span> <span class='ocrx_word' id='word_1_62' title='bbox 814 971 1317 1061; x_wconf 77' lang='grc' dir='ltr'><strong><em>ἀναιρεθέντων</em></strong></span> <span class='ocrx_word' id='word_1_63' title='bbox 1347 975 1702 1061; x_wconf 86' lang='grc' dir='ltr'><strong><em>τρέπονται</em></strong></span> <span class='ocrx_word' id='word_1_64' title='bbox 1736 980 1806 1044; x_wconf 79' lang='lat' dir='ltr'><strong><em>oc</em></strong></span> <span class='ocrx_word' id='word_1_65' title='bbox 1834 978 2055 1046; x_wconf 85' lang='grc' dir='ltr'><strong><em>λοιποὶ</em></strong></span> 
     </span>
     <span class='ocr_line' id='line_1_11' title="bbox 116 1071 2053 1163; baseline 0.002 -21"><span class='ocrx_word' id='word_1_66' title='bbox 116 1076 239 1142; x_wconf 84' lang='grc' dir='ltr'><strong><em>καὶ</em></strong></span> <span class='ocrx_word' id='word_1_67' title='bbox 281 1074 766 1154; x_wconf 79' lang='grc' dir='ltr'><strong><em>σκεδασθέντες</em></strong></span> <span class='ocrx_word' id='word_1_68' title='bbox 814 1082 1105 1163; x_wconf 79' lang='grc' dir='ltr'><strong><em>ἔφευγον</em></strong></span> <span class='ocrx_word' id='word_1_69' title='bbox 1149 1071 1281 1144; x_wconf 80' lang='grc' dir='ltr'><strong><em>ἀνα</em></strong></span> <span class='ocrx_word' id='word_1_70' title='bbox 1326 1073 1481 1157; x_wconf 86' lang='grc' dir='ltr'><strong><em>τούς</em></strong></span> <span class='ocrx_word' id='word_1_71' title='bbox 1527 1073 1926 1156; x_wconf 88' lang='grc' dir='ltr'><strong><em>στενωπούς.</em></strong></span> <span class='ocrx_word' id='word_1_72' title='bbox 2017 1071 2053 1146; x_wconf 77' lang='grc' dir='ltr'>ὅ</span> 
     </span>
     <span class='ocr_line' id='line_1_12' title="bbox 119 1170 2158 1265; baseline 0.002 -23"><span class='ocrx_word' id='word_1_73' title='bbox 119 1170 196 1242; x_wconf 91' lang='grc' dir='ltr'><strong><em>δ’</em></strong></span> <span class='ocrx_word' id='word_1_74' title='bbox 234 1171 596 1261; x_wconf 79' lang='grc' dir='ltr'><strong><em>ἠκολούθει</em></strong></span> <span class='ocrx_word' id='word_1_75' title='bbox 632 1181 914 1246; x_wconf 84' lang='grc' dir='ltr'><strong><em>κτείνων</em></strong></span> <span class='ocrx_word' id='word_1_76' title='bbox 946 1174 1100 1258; x_wconf 77' lang='grc' dir='ltr'><strong><em>τοὺς</em></strong></span> <span class='ocrx_word' id='word_1_77' title='bbox 1136 1179 1873 1265; x_wconf 81' lang='grc' dir='ltr'><strong><em>καταλαμβανομένους,</em></strong></span> <span class='ocrx_word' id='word_1_78' title='bbox 1908 1175 2052 1248; x_wconf 81' lang='grc' dir='ltr'><strong><em>ὅσοι</em></strong></span> <span class='ocrx_word' id='word_1_79' title='bbox 2091 1190 2158 1238; x_wconf 87' lang='grc'><strong><em>10</em></strong></span> 
     </span>
    </p>

    <p class='ocr_par' dir='ltr' id='par_1_4' title="bbox 20 1271 2159 2476">
     <span class='ocr_line' id='line_1_13' title="bbox 20 1271 2054 1365; baseline 0.001 -19"><span class='ocrx_word' id='word_1_80' title='bbox 20 1296 93 1346; x_wconf 80' lang='grc'><strong><em>39</em></strong></span> <span class='ocrx_word' id='word_1_81' title='bbox 114 1271 213 1365; x_wconf 82' lang='grc' dir='ltr'><strong><em>μή</em></strong></span> <span class='ocrx_word' id='word_1_82' title='bbox 248 1271 329 1345; x_wconf 75' lang='grc' dir='ltr'><strong><em>τὰ</em></strong></span> <span class='ocrx_word' id='word_1_83' title='bbox 375 1271 549 1344; x_wconf 81' lang='grc' dir='ltr'><strong><em>ὅπλα</em></strong></span> <span class='ocrx_word' id='word_1_84' title='bbox 598 1279 912 1363; x_wconf 78' lang='grc' dir='ltr'><strong><em>ῥίψαντες</em></strong></span> <span class='ocrx_word' id='word_1_85' title='bbox 963 1283 1057 1357; x_wconf 82' lang='grc' dir='ltr'><strong><em>εἰς</em></strong></span> <span class='ocrx_word' id='word_1_86' title='bbox 1109 1281 1362 1359; x_wconf 73' lang='grc' dir='ltr'><strong><em>ἱκεσίας</em></strong></span> <span class='ocrx_word' id='word_1_87' title='bbox 1410 1274 1768 1365; x_wconf 78' lang='grc' dir='ltr'><strong><em>ἐτράποντο</em></strong></span> <span class='ocrx_word' id='word_1_88' title='bbox 1787 1297 1800 1310; x_wconf 86' lang='grc'><em>·</em></span> <span class='ocrx_word' id='word_1_89' title='bbox 1871 1281 1944 1348; x_wconf 92' lang='grc' dir='ltr'><strong><em>ἐν</em></strong></span> <span class='ocrx_word' id='word_1_90' title='bbox 1980 1280 2054 1348; x_wconf 73' lang='grc' dir='ltr'><strong><em>δὲ</em></strong></span> 
     </span>
     <span class='ocr_line' id='line_1_14' title="bbox 112 1374 2054 1474; baseline 0.001 -29"><span class='ocrx_word' id='word_1_91' title='bbox 112 1374 337 1469; x_wconf 76' lang='grc' dir='ltr'><strong><em>τούτῳ</em></strong></span> <span class='ocrx_word' id='word_1_92' title='bbox 373 1378 484 1445; x_wconf 87' lang='grc' dir='ltr'><strong><em>καὶ</em></strong></span> <span class='ocrx_word' id='word_1_93' title='bbox 519 1381 589 1446; x_wconf 77' lang='grc' dir='ltr'><strong><em>οἱ</em></strong></span> <span class='ocrx_word' id='word_1_94' title='bbox 622 1376 733 1446; x_wconf 77' lang='grc' dir='ltr'><strong><em>διὰ</em></strong></span> <span class='ocrx_word' id='word_1_95' title='bbox 779 1381 916 1448; x_wconf 80' lang='grc' dir='ltr'><strong><em>των</em></strong></span> <span class='ocrx_word' id='word_1_96' title='bbox 950 1376 1293 1465; x_wconf 79' lang='grc' dir='ltr'><strong><em>κλιμάκων</em></strong></span> <span class='ocrx_word' id='word_1_97' title='bbox 1340 1377 1820 1474; x_wconf 81' lang='grc' dir='ltr'><strong><em>ἀναβαίνοντες</em></strong></span> <span class='ocrx_word' id='word_1_98' title='bbox 1859 1378 2054 1468; x_wconf 82' lang='grc' dir='ltr'><strong><em>ἐκρά-</em></strong></span> 
     </span>
     <span class='ocr_line' id='line_1_15' title="bbox 111 1475 2054 1568; baseline 0 -21"><span class='ocrx_word' id='word_1_99' title='bbox 111 1505 289 1547; x_wconf 90' lang='grc' dir='ltr'><strong><em>τουν</em></strong></span> <span class='ocrx_word' id='word_1_100' title='bbox 320 1480 440 1546; x_wconf 80' lang='grc' dir='ltr'><strong><em>τοῦ</em></strong></span> <span class='ocrx_word' id='word_1_101' title='bbox 471 1484 773 1564; x_wconf 84' lang='grc' dir='ltr'><strong><em>τείχους..</em></strong></span> <span class='ocrx_word' id='word_1_102' title='bbox 805 1481 1043 1549; x_wconf 84' lang='grc' dir='ltr'><strong><em>τοῦτον</em></strong></span> <span class='ocrx_word' id='word_1_103' title='bbox 1079 1479 1156 1548; x_wconf 75' lang='grc' dir='ltr'><strong><em>δὲ</em></strong></span> <span class='ocrx_word' id='word_1_104' title='bbox 1189 1479 1309 1548; x_wconf 90' lang='grc' dir='ltr'><strong><em>τὸν</em></strong></span> <span class='ocrx_word' id='word_1_105' title='bbox 1341 1477 1591 1568; x_wconf 84' lang='grc' dir='ltr'><strong><em>τρόπον</em></strong></span> <span class='ocrx_word' id='word_1_106' title='bbox 1626 1475 1912 1567; x_wconf 76' lang='grc' dir='ltr'><strong><em>ἁλούσης</em></strong></span> <span class='ocrx_word' id='word_1_107' title='bbox 1938 1484 2054 1565; x_wconf 89' lang='grc' dir='ltr'><strong><em>τῆς</em></strong></span> 
     </span>
     <span class='ocr_line' id='line_1_16' title="bbox 114 1575 2053 1668; baseline 0.001 -21"><span class='ocrx_word' id='word_1_108' title='bbox 114 1577 379 1658; x_wconf 86' lang='grc' dir='ltr'><strong><em>πόλεως</em></strong></span> <span class='ocrx_word' id='word_1_109' title='bbox 418 1575 796 1666; x_wconf 80' lang='grc' dir='ltr'><strong><em>ἐξελόμενος</em></strong></span> <span class='ocrx_word' id='word_1_110' title='bbox 830 1575 867 1650; x_wconf 82' lang='grc' dir='ltr'><em>ὃ</em></span> <span class='ocrx_word' id='word_1_111' title='bbox 904 1577 1214 1668; x_wconf 79' lang='grc' dir='ltr'><strong><em>Μάρκιος</em></strong></span> <span class='ocrx_word' id='word_1_112' title='bbox 1266 1582 1339 1648; x_wconf 86' lang='grc' dir='ltr'><strong><em>ἐκ</em></strong></span> <span class='ocrx_word' id='word_1_113' title='bbox 1385 1581 1522 1648; x_wconf 73' lang='grc' dir='ltr'><strong><em>τῶν</em></strong></span> <span class='ocrx_word' id='word_1_114' title='bbox 1569 1577 1896 1667; x_wconf 81' lang='grc' dir='ltr'><strong><em>λαφύρων</em></strong></span> <span class='ocrx_word' id='word_1_115' title='bbox 1927 1575 2053 1650; x_wconf 78' lang='grc' dir='ltr'><strong><em>ὅσα</em></strong></span> 
     </span>
     <span class='ocr_line' id='line_1_17' title="bbox 113 1675 2159 1770; baseline 0 -20"><span class='ocrx_word' id='word_1_116' title='bbox 113 1692 312 1760; x_wconf 78' lang='grc' dir='ltr'><strong><em>θεοῖς</em></strong></span> <span class='ocrx_word' id='word_1_117' title='bbox 369 1706 443 1747; x_wconf 97' lang='grc' dir='ltr'><strong><em>τε</em></strong></span> <span class='ocrx_word' id='word_1_118' title='bbox 489 1675 889 1770; x_wconf 79' lang='grc' dir='ltr'><strong><em>ἀναθήματα</em></strong></span> <span class='ocrx_word' id='word_1_119' title='bbox 945 1682 1056 1749; x_wconf 87' lang='grc' dir='ltr'><strong><em>καὶ</em></strong></span> <span class='ocrx_word' id='word_1_120' title='bbox 1103 1678 1348 1770; x_wconf 89' lang='grc' dir='ltr'><strong><em>κόσμος</em></strong></span> <span class='ocrx_word' id='word_1_121' title='bbox 1404 1696 1549 1761; x_wconf 81' lang='grc' dir='ltr'><strong><em>ταῖς</em></strong></span> <span class='ocrx_word' id='word_1_122' title='bbox 1601 1675 2054 1751; x_wconf 79' lang='grc' dir='ltr'><strong><em>Οὐολούσκων</em></strong></span> <span class='ocrx_word' id='word_1_123' title='bbox 2091 1691 2159 1740; x_wconf 79' lang='lat'><strong><em>15</em></strong></span> 
     </span>
     <span class='ocr_line' id='line_1_18' title="bbox 113 1777 2102 1871; baseline 0 -21"><span class='ocrx_word' id='word_1_124' title='bbox 113 1777 402 1850; x_wconf 86' lang='grc' dir='ltr'><strong><em>πόλεσιν</em></strong></span> <span class='ocrx_word' id='word_1_125' title='bbox 438 1786 668 1868; x_wconf 83' lang='grc' dir='ltr'><strong><em>ἔμελλε</em></strong></span> <span class='ocrx_word' id='word_1_126' title='bbox 703 1785 1058 1871; x_wconf 73' lang='grc' dir='ltr'><strong><em>γενέσθαι,</em></strong></span> <span class='ocrx_word' id='word_1_127' title='bbox 1101 1779 1181 1851; x_wconf 79' lang='grc' dir='ltr'><strong><em>τὰ</em></strong></span> <span class='ocrx_word' id='word_1_128' title='bbox 1219 1779 1417 1851; x_wconf 68' lang='grc' dir='ltr'><strong><em>λοιποὶ</em></strong></span> <span class='ocrx_word' id='word_1_129' title='bbox 1450 1797 1587 1862; x_wconf 84' lang='grc' dir='ltr'><strong><em>τοῖς</em></strong></span> <span class='ocrx_word' id='word_1_130' title='bbox 1623 1779 2052 1868; x_wconf 73' lang='grc' dir='ltr'><strong><em>στρατιώταις</em></strong></span> <span class='ocrx_word' id='word_1_131' title='bbox 2092 1792 2102 1798; x_wconf 76' lang='grc'><em>’</em></span> 
     </span>
     <span class='ocr_line' id='line_1_19' title="bbox 115 1875 2050 1972; baseline 0.001 -20"><span class='ocrx_word' id='word_1_132' title='bbox 115 1885 336 1971; x_wconf 82' lang='grc' dir='ltr'><strong><em>ἐφῆκε</em></strong></span> <span class='ocrx_word' id='word_1_133' title='bbox 373 1880 753 1970; x_wconf 76' lang='grc' dir='ltr'><strong><em>διαρπάσαι.</em></strong></span> <span class='ocrx_word' id='word_1_134' title='bbox 834 1875 922 1972; x_wconf 81' lang='grc' dir='ltr'><strong><em>ἦν</em></strong></span> <span class='ocrx_word' id='word_1_135' title='bbox 959 1884 1033 1953; x_wconf 73' lang='grc' dir='ltr'><strong><em>δὲ</em></strong></span> <span class='ocrx_word' id='word_1_136' title='bbox 1068 1880 1280 1954; x_wconf 77' lang='grc' dir='ltr'><strong><em>πολλὰ</em></strong></span> <span class='ocrx_word' id='word_1_137' title='bbox 1319 1883 1443 1972; x_wconf 70' lang='grc' dir='ltr'><strong><em>μὲν</em></strong></span> <span class='ocrx_word' id='word_1_138' title='bbox 1479 1880 1722 1954; x_wconf 82' lang='grc' dir='ltr'><strong><em>αὐτόθι</em></strong></span> <span class='ocrx_word' id='word_1_139' title='bbox 1758 1879 2050 1972; x_wconf 77' lang='grc' dir='ltr'><strong><em>σώματα,</em></strong></span> 
     </span>
     <span class='ocr_line' id='line_1_20' title="bbox 111 1981 2054 2077; baseline 0.001 -24"><span class='ocrx_word' id='word_1_140' title='bbox 111 1981 336 2053; x_wconf 76' lang='grc' dir='ltr'><strong><em>πολλὰ</em></strong></span> <span class='ocrx_word' id='word_1_141' title='bbox 374 1984 447 2052; x_wconf 75' lang='grc' dir='ltr'><strong><em>δὲ</em></strong></span> <span class='ocrx_word' id='word_1_142' title='bbox 482 1982 815 2074; x_wconf 89' lang='grc' dir='ltr'><strong><em>χρήματα,</em></strong></span> <span class='ocrx_word' id='word_1_143' title='bbox 865 1983 1072 2064; x_wconf 75' lang='grc' dir='ltr'><strong><em>πολὺς</em></strong></span> <span class='ocrx_word' id='word_1_144' title='bbox 1110 1985 1185 2054; x_wconf 73' lang='grc' dir='ltr'><strong><em>δὲ</em></strong></span> <span class='ocrx_word' id='word_1_145' title='bbox 1220 2000 1427 2066; x_wconf 85' lang='grc' dir='ltr'><strong><em>σῖτος·</em></strong></span> <span class='ocrx_word' id='word_1_146' title='bbox 1485 1983 1654 2055; x_wconf 73' lang='grc' dir='ltr'><strong><em>ὥστε</em></strong></span> <span class='ocrx_word' id='word_1_147' title='bbox 1689 1982 1778 2073; x_wconf 78' lang='grc' dir='ltr'><strong><em>μή</em></strong></span> <span class='ocrx_word' id='word_1_148' title='bbox 1815 1984 2054 2077; x_wconf 75' lang='grc' dir='ltr'><strong><em>ῥᾴδιον</em></strong></span> 
     </span>
     <span class='ocr_line' id='line_1_21' title="bbox 115 2082 2050 2178; baseline 0.001 -22"><span class='ocrx_word' id='word_1_149' title='bbox 115 2085 301 2156; x_wconf 83' lang='grc' dir='ltr'><strong><em>εἶναι</em></strong></span> <span class='ocrx_word' id='word_1_150' title='bbox 334 2087 455 2176; x_wconf 76' lang='grc' dir='ltr'><strong><em>μιᾷ</em></strong></span> <span class='ocrx_word' id='word_1_151' title='bbox 488 2084 705 2157; x_wconf 77' lang='grc' dir='ltr'><strong><em>πάντα</em></strong></span> <span class='ocrx_word' id='word_1_152' title='bbox 744 2089 1087 2175; x_wconf 83' lang='grc' dir='ltr'><strong><em>ἐκκομίσαι</em></strong></span> <span class='ocrx_word' id='word_1_153' title='bbox 1132 2085 1290 2166; x_wconf 80' lang='grc' dir='ltr'><strong><em>τούς</em></strong></span> <span class='ocrx_word' id='word_1_154' title='bbox 1325 2084 1780 2176; x_wconf 80' lang='grc' dir='ltr'><strong><em>κρατήσαντας</em></strong></span> <span class='ocrx_word' id='word_1_155' title='bbox 1812 2082 2050 2178; x_wconf 80' lang='grc' dir='ltr'><strong><em>ἡμέρα,</em></strong></span> 
     </span>
     <span class='ocr_line' id='line_1_22' title="bbox 110 2182 2157 2277; baseline 0 -22"><span class='ocrx_word' id='word_1_156' title='bbox 110 2182 270 2255; x_wconf 77' lang='grc' dir='ltr'><strong><em>ἀλλ’</em></strong></span> <span class='ocrx_word' id='word_1_157' title='bbox 316 2188 388 2253; x_wconf 85' lang='grc' dir='ltr'><strong><em>ἐκ</em></strong></span> <span class='ocrx_word' id='word_1_158' title='bbox 424 2190 739 2277; x_wconf 83' lang='grc' dir='ltr'><strong><em>διαδοχῆς</em></strong></span> <span class='ocrx_word' id='word_1_159' title='bbox 774 2184 1048 2275; x_wconf 77' lang='grc' dir='ltr'><strong><em>ἄγοντες</em></strong></span> <span class='ocrx_word' id='word_1_160' title='bbox 1083 2189 1194 2256; x_wconf 85' lang='grc' dir='ltr'><strong><em>καὶ</em></strong></span> <span class='ocrx_word' id='word_1_161' title='bbox 1231 2189 1552 2275; x_wconf 89' lang='grc' dir='ltr'><strong><em>φέροντες</em></strong></span> <span class='ocrx_word' id='word_1_162' title='bbox 1579 2185 1659 2255; x_wconf 80' lang='grc' dir='ltr'><strong><em>τα</em></strong></span> <span class='ocrx_word' id='word_1_163' title='bbox 1685 2187 1811 2275; x_wconf 73' lang='grc' dir='ltr'><strong><em>μὲν</em></strong></span> <span class='ocrx_word' id='word_1_164' title='bbox 1837 2184 2050 2275; x_wconf 80' lang='grc' dir='ltr'><strong><em>αὐτοί,</em></strong></span> <span class='ocrx_word' id='word_1_165' title='bbox 2085 2205 2157 2255; x_wconf 82' lang='lat'><strong><em>20</em></strong></span> 
     </span>
     <span class='ocr_line' id='line_1_23' title="bbox 109 2283 2052 2377; baseline -0.001 -20"><span class='ocrx_word' id='word_1_166' title='bbox 109 2286 201 2357; x_wconf 80' lang='grc' dir='ltr'><strong><em>τὰ</em></strong></span> <span class='ocrx_word' id='word_1_167' title='bbox 239 2285 316 2355; x_wconf 75' lang='grc' dir='ltr'><strong><em>δὲ</em></strong></span> <span class='ocrx_word' id='word_1_168' title='bbox 353 2288 460 2356; x_wconf 89' lang='grc' dir='ltr'><strong><em>ἐπὶ</em></strong></span> <span class='ocrx_word' id='word_1_169' title='bbox 495 2291 629 2358; x_wconf 78' lang='grc' dir='ltr'><strong><em>τῶν</em></strong></span> <span class='ocrx_word' id='word_1_170' title='bbox 661 2283 1065 2377; x_wconf 76' lang='grc' dir='ltr'><strong><em>ὑποζυγίων,</em></strong></span> <span class='ocrx_word' id='word_1_171' title='bbox 1103 2286 1321 2357; x_wconf 78' lang='grc' dir='ltr'><strong><em>πολύν</em></strong></span> <span class='ocrx_word' id='word_1_172' title='bbox 1354 2284 1883 2376; x_wconf 80' lang='grc' dir='ltr'><strong><em>ἠναγκάσθησαν</em></strong></span> <span class='ocrx_word' id='word_1_173' title='bbox 1912 2293 2052 2356; x_wconf 92' lang='grc' dir='ltr'><strong><em>δια-</em></strong></span> 
     </span>
     <span class='ocr_line' id='line_1_24' title="bbox 107 2387 647 2476; baseline 0.004 -19"><span class='ocrx_word' id='word_1_174' title='bbox 107 2395 352 2475; x_wconf 83' lang='grc' dir='ltr'><strong><em>τρίψαι</em></strong></span> <span class='ocrx_word' id='word_1_175' title='bbox 386 2387 647 2476; x_wconf 90' lang='grc' dir='ltr'><strong><em>χρόνον.</em></strong></span> 
     </span>
    </p>

    <p class='ocr_par' dir='ltr' id='par_1_5' title="bbox 108 2482 2156 2882">
     <span class='ocr_line' id='line_1_25' title="bbox 222 2482 2055 2579; baseline -0.001 -23"><span class='ocrx_word' id='word_1_176' title='bbox 222 2486 459 2560; x_wconf 88' lang='lat' dir='ltr'><strong>XVIII.</strong></span> <span class='ocrx_word' id='word_1_177' title='bbox 517 2487 589 2561; x_wconf 88' lang='grc' dir='ltr'><strong><em>Ὁ</em></strong></span> <span class='ocrx_word' id='word_1_178' title='bbox 642 2490 717 2559; x_wconf 73' lang='grc' dir='ltr'><strong><em>δὲ</em></strong></span> <span class='ocrx_word' id='word_1_179' title='bbox 765 2484 1161 2579; x_wconf 77' lang='grc' dir='ltr'><strong><em>στρατηγός,</em></strong></span> <span class='ocrx_word' id='word_1_180' title='bbox 1217 2484 1466 2576; x_wconf 65' lang='grc' dir='ltr'><strong><em>ἐπειδὴ</em></strong></span> <span class='ocrx_word' id='word_1_181' title='bbox 1497 2482 1578 2556; x_wconf 81' lang='grc' dir='ltr'>τά</span> <span class='ocrx_word' id='word_1_182' title='bbox 1626 2482 1896 2573; x_wconf 68' lang='grc' dir='ltr'><strong><em>στόματα</em></strong></span> <span class='ocrx_word' id='word_1_183' title='bbox 1942 2488 2055 2555; x_wconf 79' lang='grc' dir='ltr'><strong><em>καὶ</em></strong></span> 
     </span>
     <span class='ocr_line' id='line_1_26' title="bbox 109 2585 2054 2680; baseline -0.002 -19"><span class='ocrx_word' id='word_1_184' title='bbox 109 2589 199 2661; x_wconf 79' lang='grc' dir='ltr'><strong><em>τὰ</em></strong></span> <span class='ocrx_word' id='word_1_185' title='bbox 236 2587 538 2680; x_wconf 86' lang='grc' dir='ltr'><strong><em>χρήματα</em></strong></span> <span class='ocrx_word' id='word_1_186' title='bbox 582 2588 801 2663; x_wconf 77' lang='grc' dir='ltr'><strong><em>πάντα</em></strong></span> <span class='ocrx_word' id='word_1_187' title='bbox 849 2586 1336 2678; x_wconf 80' lang='grc' dir='ltr'><strong><em>ἐξεκεκόμιστο,</em></strong></span> <span class='ocrx_word' id='word_1_188' title='bbox 1391 2587 1516 2676; x_wconf 79' lang='grc' dir='ltr'><strong><em>τὴν</em></strong></span> <span class='ocrx_word' id='word_1_189' title='bbox 1561 2585 1759 2658; x_wconf 90' lang='grc' dir='ltr'><strong><em>πόλιν</em></strong></span> <span class='ocrx_word' id='word_1_190' title='bbox 1806 2594 2054 2677; x_wconf 84' lang='grc' dir='ltr'><strong><em>ἔρημον</em></strong></span> 
     </span>
     <span class='ocr_line' id='line_1_27' title="bbox 108 2689 2156 2781; baseline -0.001 -20"><span class='ocrx_word' id='word_1_191' title='bbox 108 2689 508 2762; x_wconf 73' lang='grc' dir='ltr'><strong><em>καταλιπών</em></strong></span> <span class='ocrx_word' id='word_1_192' title='bbox 551 2689 768 2781; x_wconf 78' lang='grc' dir='ltr'><strong><em>ἀπῆγε</em></strong></span> <span class='ocrx_word' id='word_1_193' title='bbox 813 2691 939 2778; x_wconf 82' lang='grc' dir='ltr'><strong><em>τὴν</em></strong></span> <span class='ocrx_word' id='word_1_194' title='bbox 989 2689 1286 2781; x_wconf 88' lang='grc' dir='ltr'><strong><em>δύναμιν</em></strong></span> <span class='ocrx_word' id='word_1_195' title='bbox 1322 2693 1434 2761; x_wconf 81' lang='grc' dir='ltr'><strong><em>ἐπὶ</em></strong></span> <span class='ocrx_word' id='word_1_196' title='bbox 1465 2691 1708 2761; x_wconf 72' lang='grc' dir='ltr'><strong><em>Βῶλαν</em></strong></span> <span class='ocrx_word' id='word_1_197' title='bbox 1742 2696 2053 2760; x_wconf 91' lang='grc' dir='ltr'><strong><em>Λατίνων</em></strong></span> <span class='ocrx_word' id='word_1_198' title='bbox 2087 2708 2156 2758; x_wconf 81' lang='lat'><strong><em>25</em></strong></span> 
     </span>
     <span class='ocr_line' id='line_1_28' title="bbox 111 2788 2054 2882; baseline -0.001 -20"><span class='ocrx_word' id='word_1_199' title='bbox 111 2793 360 2879; x_wconf 80' lang='grc' dir='ltr'><strong><em>ἑτέραν</em></strong></span> <span class='ocrx_word' id='word_1_200' title='bbox 393 2790 607 2863; x_wconf 86' lang='grc' dir='ltr'><strong><em>πόλιν.</em></strong></span> <span class='ocrx_word' id='word_1_201' title='bbox 666 2801 902 2882; x_wconf 82' lang='grc' dir='ltr'><strong><em>ἔτυχον</em></strong></span> <span class='ocrx_word' id='word_1_202' title='bbox 941 2792 1015 2862; x_wconf 69' lang='grc' dir='ltr'><strong><em>δὲ</em></strong></span> <span class='ocrx_word' id='word_1_203' title='bbox 1048 2794 1160 2861; x_wconf 87' lang='grc' dir='ltr'><strong><em>καὶ</em></strong></span> <span class='ocrx_word' id='word_1_204' title='bbox 1197 2798 1266 2862; x_wconf 80' lang='grc' dir='ltr'><strong><em>οἷ</em></strong></span> <span class='ocrx_word' id='word_1_205' title='bbox 1295 2793 1602 2863; x_wconf 82' lang='grc' dir='ltr'><strong><em>Βωλανοὶ</em></strong></span> <span class='ocrx_word' id='word_1_206' title='bbox 1637 2788 2054 2880; x_wconf 80' lang='grc' dir='ltr'><strong><em>προεγνωκό-</em></strong></span> 
     </span>
    </p>

    <p class='ocr_par' dir='ltr' id='par_1_6' title="bbox 25 2888 2157 3501">
     <span class='ocr_line' id='line_1_29' title="bbox 25 2888 2054 2984; baseline 0 -26"><span class='ocrx_word' id='word_1_207' title='bbox 25 2911 91 2961; x_wconf 83' lang='lat'><strong><em>40</em></strong></span> <span class='ocrx_word' id='word_1_208' title='bbox 108 2921 227 2973; x_wconf 90' lang='grc' dir='ltr'><strong><em>τες</em></strong></span> <span class='ocrx_word' id='word_1_209' title='bbox 264 2888 478 2964; x_wconf 79' lang='grc' dir='ltr'><strong><em>αὐτοῦ</em></strong></span> <span class='ocrx_word' id='word_1_210' title='bbox 531 2891 656 2983; x_wconf 81' lang='grc' dir='ltr'><strong><em>τὴν</em></strong></span> <span class='ocrx_word' id='word_1_211' title='bbox 704 2900 977 2982; x_wconf 79' lang='grc' dir='ltr'><strong><em>ἔφοδον·</em></strong></span> <span class='ocrx_word' id='word_1_212' title='bbox 1000 2895 1114 2962; x_wconf 81' lang='grc' dir='ltr'><strong><em>καὶ</em></strong></span> <span class='ocrx_word' id='word_1_213' title='bbox 1172 2895 1790 2984; x_wconf 86' lang='grc' dir='ltr'><strong><em>παρεσκευασμένοι</em></strong></span> <span class='ocrx_word' id='word_1_214' title='bbox 1837 2888 2054 2960; x_wconf 80' lang='grc' dir='ltr'><strong><em>πάντα</em></strong></span> 
     </span>
     <span class='ocr_line' id='line_1_30' title="bbox 111 2982 2053 3084; baseline -0.001 -21"><span class='ocrx_word' id='word_1_215' title='bbox 111 2992 199 3063; x_wconf 76' lang='grc' dir='ltr'><strong><em>τοὶ</em></strong></span> <span class='ocrx_word' id='word_1_216' title='bbox 236 2991 403 3083; x_wconf 82' lang='grc' dir='ltr'><strong><em>πρὸς</em></strong></span> <span class='ocrx_word' id='word_1_217' title='bbox 448 2994 566 3064; x_wconf 86' lang='grc' dir='ltr'><strong><em>τὸν</em></strong></span> <span class='ocrx_word' id='word_1_218' title='bbox 613 2992 842 3084; x_wconf 77' lang='grc' dir='ltr'><strong><em>ἀγῶνα</em></strong></span> <span class='ocrx_word' id='word_1_219' title='bbox 882 2992 1238 3082; x_wconf 78' lang='grc' dir='ltr'><strong><em>ἐπιτήδεια.</em></strong></span> <span class='ocrx_word' id='word_1_220' title='bbox 1329 2991 1366 3064; x_wconf 85' lang='grc' dir='ltr'>ὁ</span> <span class='ocrx_word' id='word_1_221' title='bbox 1412 2994 1538 3082; x_wconf 74' lang='grc' dir='ltr'><strong><em>μὲν</em></strong></span> <span class='ocrx_word' id='word_1_222' title='bbox 1585 2982 1710 3063; x_wconf 77' lang='grc' dir='ltr'><strong><em>οὖν</em></strong></span> <span class='ocrx_word' id='word_1_223' title='bbox 1745 2989 2053 3080; x_wconf 77' lang='grc' dir='ltr'><strong><em>Μάρκιος</em></strong></span> 
     </span>
     <span class='ocr_line' id='line_1_31' title="bbox 113 3090 2052 3184; baseline -0.003 -19"><span class='ocrx_word' id='word_1_224' title='bbox 113 3091 209 3175; x_wconf 76' lang='grc' dir='ltr'><strong><em>ὥς</em></strong></span> <span class='ocrx_word' id='word_1_225' title='bbox 247 3098 314 3177; x_wconf 83' lang='grc' dir='ltr'><strong><em>ἐξ</em></strong></span> <span class='ocrx_word' id='word_1_226' title='bbox 353 3094 607 3184; x_wconf 87' lang='grc' dir='ltr'><strong><em>ἐφόδου</em></strong></span> <span class='ocrx_word' id='word_1_227' title='bbox 657 3093 782 3184; x_wconf 84' lang='grc' dir='ltr'><strong><em>τὴν</em></strong></span> <span class='ocrx_word' id='word_1_228' title='bbox 833 3093 1029 3165; x_wconf 87' lang='grc' dir='ltr'><strong><em>πόλιν</em></strong></span> <span class='ocrx_word' id='word_1_229' title='bbox 1066 3093 1367 3184; x_wconf 72' lang='grc' dir='ltr'><strong><em>αἱρήσων</em></strong></span> <span class='ocrx_word' id='word_1_230' title='bbox 1412 3091 1577 3163; x_wconf 78' lang='grc' dir='ltr'><strong><em>κατὰ</em></strong></span> <span class='ocrx_word' id='word_1_231' title='bbox 1626 3090 1839 3162; x_wconf 72' lang='grc' dir='ltr'><strong><em>πολλοὶ</em></strong></span> <span class='ocrx_word' id='word_1_232' title='bbox 1885 3094 2052 3181; x_wconf 85' lang='grc' dir='ltr'><strong><em>μέρη</em></strong></span> 
     </span>
     <span class='ocr_line' id='line_1_32' title="bbox 109 3191 2157 3285; baseline -0.003 -19"><span class='ocrx_word' id='word_1_233' title='bbox 109 3198 238 3266; x_wconf 82' lang='grc' dir='ltr'><strong><em>τοῦ</em></strong></span> <span class='ocrx_word' id='word_1_234' title='bbox 270 3203 534 3285; x_wconf 85' lang='grc' dir='ltr'><strong><em>τείχους</em></strong></span> <span class='ocrx_word' id='word_1_235' title='bbox 571 3199 855 3267; x_wconf 79' lang='grc' dir='ltr'><strong><em>ἐποιεῖτο</em></strong></span> <span class='ocrx_word' id='word_1_236' title='bbox 906 3192 1023 3276; x_wconf 77' lang='grc' dir='ltr'><strong><em>τας</em></strong></span> <span class='ocrx_word' id='word_1_237' title='bbox 1058 3191 1465 3285; x_wconf 74' lang='grc' dir='ltr'><strong><em>προσβολάς·</em></strong></span> <span class='ocrx_word' id='word_1_238' title='bbox 1520 3199 1592 3264; x_wconf 76' lang='grc' dir='ltr'><strong><em>οἰ</em></strong></span> <span class='ocrx_word' id='word_1_239' title='bbox 1635 3193 1711 3263; x_wconf 76' lang='grc' dir='ltr'><strong><em>δὲ</em></strong></span> <span class='ocrx_word' id='word_1_240' title='bbox 1745 3194 2052 3263; x_wconf 84' lang='grc' dir='ltr'><strong><em>Βωλανοὶ</em></strong></span> <span class='ocrx_word' id='word_1_241' title='bbox 2087 3212 2157 3261; x_wconf 88' lang='lat'><strong><em>30</em></strong></span> 
     </span>
     <span class='ocr_line' id='line_1_33' title="bbox 112 3291 2055 3387; baseline -0.004 -20"><span class='ocrx_word' id='word_1_242' title='bbox 112 3305 624 3386; x_wconf 88' lang='grc' dir='ltr'><strong><em>περιμείναντες</em></strong></span> <span class='ocrx_word' id='word_1_243' title='bbox 668 3296 906 3387; x_wconf 86' lang='grc' dir='ltr'><strong><em>καιρὸν</em></strong></span> <span class='ocrx_word' id='word_1_244' title='bbox 954 3293 1330 3384; x_wconf 81' lang='grc' dir='ltr'><strong><em>ἐπιτήδειον</em></strong></span> <span class='ocrx_word' id='word_1_245' title='bbox 1366 3292 1714 3384; x_wconf 78' lang='grc' dir='ltr'><strong><em>ἀνοίγουσι</em></strong></span> <span class='ocrx_word' id='word_1_246' title='bbox 1760 3293 1876 3374; x_wconf 75' lang='grc' dir='ltr'><strong><em>τὰς</em></strong></span> <span class='ocrx_word' id='word_1_247' title='bbox 1923 3291 2055 3362; x_wconf 81' lang='grc' dir='ltr'><strong><em>πύ-</em></strong></span> 
     </span>
     <span class='ocr_line' id='line_1_34' title="bbox 114 3392 2054 3501; baseline -0.004 -34"><span class='ocrx_word' id='word_1_248' title='bbox 114 3408 276 3487; x_wconf 91' lang='grc' dir='ltr'><strong><em>λας,</em></strong></span> <span class='ocrx_word' id='word_1_249' title='bbox 340 3401 455 3468; x_wconf 80' lang='grc' dir='ltr'><strong><em>καὶ</em></strong></span> <span class='ocrx_word' id='word_1_250' title='bbox 499 3398 858 3489; x_wconf 86' lang='grc' dir='ltr'><strong><em>φερόμενοι</em></strong></span> <span class='ocrx_word' id='word_1_251' title='bbox 905 3396 1073 3467; x_wconf 80' lang='grc' dir='ltr'><strong><em>κατὰ</em></strong></span> <span class='ocrx_word' id='word_1_252' title='bbox 1133 3399 1392 3484; x_wconf 82' lang='grc' dir='ltr'><strong><em>πλῆθος</em></strong></span> <span class='ocrx_word' id='word_1_253' title='bbox 1448 3398 1520 3465; x_wconf 87' lang='grc' dir='ltr'><strong><em>ἐν</em></strong></span> <span class='ocrx_word' id='word_1_254' title='bbox 1578 3392 1758 3476; x_wconf 79' lang='grc' dir='ltr'><strong><em>τάξει</em></strong></span> <span class='ocrx_word' id='word_1_255' title='bbox 1810 3419 1881 3501; x_wconf 69' lang='grc' dir='ltr'><strong><em>τε</em></strong></span> <span class='ocrx_word' id='word_1_256' title='bbox 1941 3392 2054 3460; x_wconf 86' lang='grc' dir='ltr'><strong><em>καὶ</em></strong></span> 
     </span>
    </p>
   </div>
  </div>
 </body>
</html>
