2384 3850
158 83 222 149 240
547 83 750 143 -Θ-

156 287 217 350 ρον
236 255 402 347 ὠσάμενοι
427 254 505 338 τούς
529 263 710 345 πολεμίους
734 249 801 325 ὑπό
830 257 900 325 τῷν
924 257 1141 344 κεκρατημέ-

155 388 226 430 νων
244 355 465 447 ἀνεκόπησαν.
502 363 537 429 οί
559 358 597 427 δὲ
615 356 652 428 τό
676 352 852 446 εὐάνυμον
875 364 1006 446 ἔχοντες
1029 360 1138 448 κέρας

156 459 338 550 κάμνοντες
357 458 422 549 ἤδη
439 461 496 530 καὶ
513 463 625 548 φυγῆς
642 455 815 548 άρχουτες,
840 453 957 529 ἔνθαό
975 455 1137 540 Μάλλιος

155 554 210 652 ἦν,
230 565 409 653 ἐτρέψαντο
426 559 505 642 τοὺς
523 557 607 632 καθ’
629 557 779 642 ἑαυτούς.
803 564 918 653 παλτῷ
927 557 993 649 γάρ
1007 587 1057 641 τις
1071 568 1137 648 βα·
1149 576 1192 624 17

122 679 138 728 ὅ
156 661 226 736 λων
239 661 298 735 τόν
306 661 461 736 Μάλλιον
475 660 532 733 διά
540 665 602 733 τοῦ
619 660 758 751 γόνατος
770 659 848 752 άχρι
865 666 924 751 τῆς
942 659 1064 749 ίγυόας
1083 668 1137 731 δι-

155 765 269 856 ήρεισε
287 763 348 854 τὴν
366 763 505 855 λόγχην·
524 766 581 835 καί
597 761 658 834 τόν
674 764 737 852 μέν
753 770 790 834 οί
804 765 897 853 πέριξ
916 760 1058 853 ἄραντες
1077 767 1138 832 ἐπὶ

154 865 217 958 τὴν
234 864 450 958 παρεμβολὴν
468 864 680 955 ἀπεκόμιζον,
701 870 737 935 οί
752 866 791 936 δέ
807 868 960 954 πολέμιοι
977 862 1036 935 τόν
1053 859 1136 954 ἡγε-

155 969 242 1058 μόνα
270 975 338 1039 τῷν
357 967 528 1058 Ῥωμαίων
560 968 763 1056 τεθνηκέναι
791 964 947 1050 δόξαντες
980 964 1136 1057 ἐπερρά-

156 1081 308 1158 σθησαν,
338 1071 394 1139 καὶ
411 1067 749 1160 παραβοηθησάντων
772 1067 887 1150 αὐτοῖς
910 1071 980 1138 τῷν
1006 1069 1137 1158 ἑτέρων

106 1185 138 1235 10
156 1173 321 1242 ἐνέκειντο
338 1186 406 1252 τοίς
420 1169 590 1260 Ῥωμαίοις
607 1166 672 1241 οὐκ
690 1177 826 1259 ἔχουσιν
842 1167 1001 1259 ἡγεμόνα.
1027 1167 1136 1257 ἠναγ

155 1271 333 1361 κάσθησαν
350 1273 389 1342 δὲ
407 1270 509 1344 πάλιν
525 1279 560 1343 οί
577 1270 701 1361 Φάβιοι
724 1269 963 1353 καταλιπόντες
985 1269 1022 1341 τὸ
1047 1267 1135 1340 εὔιό-

156 1402 265 1463 νυμον
292 1374 390 1464 κέρας
413 1379 458 1469 τῷ
489 1377 587 1467 δεξιῷ
615 1380 772 1462 βοηθεῖν·
809 1375 866 1444 καὶ
895 1378 931 1444 οί
962 1375 1135 1464 Τυρρηνοὶ

156 1474 354 1567 προσιόντας
372 1473 494 1558 αὐτοὺς
511 1483 623 1564 στίφει
640 1479 790 1569 καρτερῷ
807 1473 976 1564 μαθόντες
993 1478 1052 1563 τῆς
1069 1475 1137 1564 μὲν

157 1581 212 1648 ἐπί
235 1579 338 1649 πλέον
359 1576 502 1662 διωξεως
526 1573 786 1666 ἀποτρέπονται,
827 1575 1068 1658 πυκνώσαντες
1093 1577 1136 1646 δὲ

107 1696 138 1745 15
156 1677 233 1761 τούς
251 1678 370 1769 λόχους
388 1678 548 1769 έμάχοντο
567 1682 605 1749 έν
621 1677 723 1767 τάξει,
744 1681 801 1748 καί
817 1677 964 1761 πολλοὺς
980 1678 1043 1768 μέν
1061 1682 1135 1748 τῷν

69 1843 73 1854 .
157 1784 330 1872 σφετέρων
347 1777 534 1870 ἀπέβαλον,
560 1778 704 1862 πολλοδς
728 1781 766 1851 δὲ
789 1783 847 1851 καί
869 1784 938 1851 τῷν
959 1778 1134 1870 Ῥωμαίων

96 1922 98 1927 ·
159 1879 368 1955 ἀπέκτειναν.

233 1984 302 2053 XII.
340 1981 395 2055 'Ev
413 1974 440 2078 ῷ
458 1985 496 2054 δὲ
514 1981 610 2054 ταῦτ’
630 1987 777 2073 ἐγίνετο,
801 1989 837 2055 οί
850 1983 910 2056 τὸν
927 1982 1056 2075 χάρακα
1074 1982 1134 2055 τόν

159 2087 379 2176 ἐκλειφθέντα
401 2083 468 2155 ὑπὸ
490 2091 552 2156 τοῦ
576 2093 735 2158 Μαλλίου
757 2086 1022 2177 καταλαβόμενοι
1046 2095 1135 2178 vvo-

108 2207 142 2257 20
162 2189 258 2276 ρηνοὶ
294 2186 509 2277 συνθήματος
548 2184 713 2277 ἀρθέντος
746 2186 815 2259 ὑπό
849 2192 911 2259 τοῦ
944 2192 1136 2280 στρατηγοῦ

77 2291 80 2296 ’
158 2287 222 2361 σὺν
249 2288 341 2381 τάχει
369 2294 482 2384 πολλῷ
511 2291 568 2360 καὶ
591 2297 767 2383 προθυμίη
789 2288 918 2382 μεγάλη
942 2294 1134 2381 χωροῦντες

157 2393 212 2462 έπί
241 2390 301 2464 τόν
331 2396 445 2483 ἕτερον
480 2387 658 2480 ἠπείγοντο
691 2394 761 2463 τῷν
786 2386 957 2482 Ῥωμαίων
986 2390 1130 2483 χάρακα,
1143 2408 1192 2457 176

158 2487 203 2576 ὡς
227 2491 289 2566 οὐκ
312 2492 471 2587 ἀξιοχρέῳ
495 2492 637 2582 δυνάμει
655 2492 917 2583 φυλαττόμενον.
959 2496 1016 2564 καὶ
1041 2483 1134 2582 ἦνῆ
1190 2481 1191 2486 ¹

159 2593 238 2677 δόξα
256 2592 369 2669 αὐτῶν
387 2592 525 2684 ἀληθής.
562 2600 625 2678 ἔξω
642 2591 706 2684 γάρ
724 2600 793 2665 τῶν
809 2603 971 2687 τριαρίων
988 2597 1046 2665 καί
1061 2593 1135 2666 όλί-

106 2712 140 2763 κο
158 2723 229 2783 γων
262 2692 375 2766 ἀλλων
404 2699 474 2767 τῷν
501 2699 537 2767 έν
566 2695 656 2787 ἀκμῇ
675 2696 710 2767 τό
736 2696 855 2767 λοιπόν
880 2700 1011 2785 πλῆθος
1030 2695 1135 2785 ἐμπό-

158 2804 229 2885 ρων
242 2826 278 2869 τε
295 2799 349 2867 καί
368 2795 590 2886 θεραπόντων
607 2801 664 2869 καί
681 2802 900 2889 χειροτεχνῶν
918 2789 1009 2887 ἦυέν
1021 2796 1132 2892 αὐτῷ·

156 2905 289 2987 γίνεταί
303 2928 340 2971 τε
357 2903 491 2971 πολλῶν
509 2906 556 2982 είς
570 2896 686 2989 ὀλίγον
709 2904 973 2972 συνελαθέντων
989 2907 1132 2991 χωρίου·

157 3006 235 3093 περὶ
252 3000 316 3093 γάρ
334 3018 406 3085 ταῖς
428 2996 586 3083 πόλαιςό
609 2997 703 3089 ἀγών
716 2992 772 3090 ἦν·
811 2999 901 3085 ὀξεῖα
924 3003 982 3072 καὶ
1004 3000 1132 3091 χαλεπὴ

157 3102 262 3192 μάχη,
285 3107 342 3174 καί
365 3105 478 3193 νεκροὶ
505 3098 579 3193 παρ’
599 3098 798 3193 ἀμφοτέρων
816 3111 943 3175 πολλοί.
998 3108 1037 3174 έν
1053 3102 1133 3174 τοά-
1188 3151 1189 3156 1

107 3221 140 3270 30
158 3231 205 3295 τῷ
229 3207 276 3295 τῷ
297 3210 385 3296 έργφ
408 3201 426 3273 ό
450 3232 485 3275 τε
509 3202 684 3294 [Μάλλιος]
710 3201 835 3287 ὕπατος
862 3208 1041 3295 έκβοηθῷν
1065 3203 1134 3295 άμα

159 3318 227 3383 τοίς
246 3308 421 3392 ίππεύσιυ,
438 3304 554 3393 ἐπειδὴ
571 3299 589 3374 ὁ
608 3310 708 3385 ἵππος
731 3313 830 3377 ἔπεσε
853 3310 1134 3397 συγκατενεχθεὶς

128 3494 131 3501 Δ
159 3406 215 3472 καὶ
232 3400 397 3485 ἀδύνατος
416 3400 463 3474 ἀν
481 3403 665 3493 ἀναστῆναι
674 3402 741 3476 ὑπό
754 3405 908 3496 πλήθους
920 3407 1132 3501 τραυμάτων,
1181 3394 1189 3413 ’
