2384 3850
447 117 649 177 -Θ-
864 128 867 133 “
967 119 1031 184 291

56 283 145 359 οῦδὲ
173 292 236 358 τοῦ
266 293 515 378 προβουλεῦσαι
548 292 626 380 περὶ
660 287 774 361 αῦτῦν
808 296 963 376 ἐξουσίαν
991 303 1032 387 τῇ

56 391 173 481 βουλῇ
186 396 459 481 καταλείποντες,
478 387 552 462 ἄλλ’
573 387 818 484 ύφαιρούμενοι
834 397 892 465 καὶ
907 394 1033 486 ταύτην

57 491 167 581 αὐτῆς
183 493 246 580 τήν
262 490 372 583 τιμήν,
390 488 435 582 ήυ
453 496 489 564 ἐκ
506 496 566 564 τοῦ
588 491 712 576 παντὸς
736 494 826 584 εἶχεν
848 492 1031 587 νἰυαμφλλε·
1051 563 1054 567 .

57 621 142 664 κτον
155 591 290 684 χρόνον,
299 596 560 684 βασιλευομένης
572 623 608 666 τε
621 597 678 666 καὶ
690 599 961 688 τυραννουμένης
972 602 1031 688 τῆς

57 693 200 777 πόλεως
228 692 334 766 πολλὰ
354 697 391 766 δέ
415 697 470 766 καί
488 693 573 767 ἄλλα
596 695 726 782 τούτοις
748 695 845 788 ὅμοια
866 702 1031 789 προσθείς
1065 723 1081 772 5

57 799 117 868 καὶ
135 792 338 878 οῦδενδς”
296 825 375 868 αντε
392 801 512 889 πικροῦ
530 796 721 888 πράγματος
737 797 815 871 οῦτε
828 799 1030 890 βλασφήμου

56 895 223 988 ὀνόματος
241 897 457 1025 φεισάμενος,
466 903 633 972 τελευταῖν
651 903 780 972 ἐκεῖνον
798 907 847 972 ἐτι
864 905 1031 1026 προσέθη·

56 1027 121 1071 κεν
151 997 211 1072 τδν
245 998 362 1090 λόγου,
400 996 457 1090 ἐφ’
483 992 511 1097 ᾦ
533 999 717 1092 ‘animm‘
698 1031 719 1091 η
743 1001 924 1092 πληθύς’
906 1002 1030 1093 ημανοί·

57 1124 204 1192 κτησεν,
235 1097 287 1173 ὅτι
312 1099 434 1194 χρόνον
463 1073 602 1174 οῦδένα
617 1101 781 1175 παύσεται
811 1103 1030 1190 στασιαζονσα

57 1206 139 1294 περὶ
158 1202 282 1286 παντὸς
299 1201 464 1295 χρήματος
480 1203 502 1294 ή
517 1203 629 1294 πόλις,
644 1202 716 1276 ἄλλ’
732 1212 801 1276 αἰεί
815 1235 891 1277 τινα
909 1205 1031 1298 καινήν
1048 1225 1080 1276 το

58 1308 115 1376 ἐπί
140 1308 268 1398 παλαιᾷ
289 1304 426 1395 νοσήσει
448 1304 561 1400 νόσου,
586 1303 686 1388 ἕσς’ι
665 1336 708 1377 αν
725 1305 746 1395 ἡ
763 1307 833 1378 τοῖν
850 1306 1030 1400 δημάρχων

56 1411 196 1491 ἐξουσία
215 1409 371 1498 διαμένῃ·
405 1405 592 1533 διδάσκων,
620 1405 671 1478 ὅτι
693 1405 884 1498 πρήγματος
907 1406 1030 1490 παντὸς

56 1511 235 1580 πολιτικοῦ
257 1511 314 1579 καὶ
340 1513 455 1580 κοινοῦ
476 1507 534 1590 τὰς
565 1503 668 1600 ἆρχδς
694 1507 855 1600 προσήκει
879 1525 1029 1598 σκοπεῖν,

55 1607 151 1698 ὅπως
169 1606 320 1699 εὐσεβεῖς
339 1617 471 1682 ἔσονται
488 1612 545 1680 καὶ
559 1615 691 1680 δίκαιοι.
715 1617 828 1698 φιλεῖν
840 1605 956 1700 μᾶρέκ
968 1610 1030 1699 μέυ

55 1743 128 1785 των
146 1710 288 1802 ἄμαθοῦυ
306 1711 505 1802 σπερμάτων
522 1707 685 1802 χρηστοῦς
702 1719 882 1800 γίγνεσθαι
901 1707 1011 1780 καῖ’
975 1738 1028 1780 εο-
1048 1729 1083 1780 15

2 1835 45 1886 σοι
55 1829 173 1906 ταχεῖς
191 1813 267 1898 τοῦς
286 1811 451 1905 καρπούς,
471 1817 508 1884 ἐκ
524 1813 562 1884 δέ
573 1817 643 1883 τῶν
660 1815 817 1904 πονηρῶν
834 1811 957 1894 κακούς
974 1814 1031 1882 καὶ

54 1915 247 2005 ὀλεθρίους.

136 2017 310 2088 XXXXV.
330 2023 374 2089 Εί
382 2018 443 2107 μὲν
455 2006 528 2106 οῦν,
544 2023 625 2107 ἔφη,
642 2012 704 2106 ἥδε
720 2011 841 2108 ήᾶρχή
858 2010 939 2106 μεθ’
952 2009 1029 2105 ὁμο·

56 2128 155 2203 νοίας
173 2125 332 2209 εἰσῆλθεν
351 2126 398 2202 είς
422 2116 485 2208 τήν
502 2117 602 2190 πόλιν
619 2120 674 2188 ἐπὶ
691 2120 739 2212 τῷ
755 2116 893 2189 πάντων
909 2115 1029 2210 &ruofi

56 2225 229 2313 παριοῦσα
258 2220 323 2294 σῦν
345 2226 479 2301 οίωνολς
501 2248 538 2290 τε
562 2222 618 2289 καὶ
640 2216 799 2305 ὀττείαις,
826 2222 960 2288 πολλῶν
985 2213 1029 2288 ἂν
1046 2237 1084 2287 το

55 2320 142 2415 ἡμῖν
172 2328 224 2413 ἐνί
223 2352 298 2397 νετο
323 2323 380 2393 καὶ
402 2318 557 2413 μεγάλαν
580 2315 722 2407 ἀμαθῶν
751 2323 859 2406 αίτία,
883 2324 1029 2440 χαρίτων

55 2422 295 2517 ὁμοφροσύνης
320 2420 477 2513 εὐνομίας
508 2425 656 2493 ἐλπίδων
679 2440 834 2511 χρήστων
856 2416 946 2540 παρὰ
969 2424 1029 2541 τοῦ

58 2534 239 2618 δαιμονίου
255 2532 387 2618 μυρίων
404 2521 532 2596 ἄλλων
551 2527 617 2595 νῦν
630 2525 679 2613 δε,
693 2519 789 2612 [ἐπεί]
809 2527 868 2608 βία
885 2516 949 2610 γὰρ
967 2514 1029 2588 αῦ-

56 2627 124 2719 τήν
142 2626 298 2719 εἰσήγαγε
316 2628 370 2699 καὶ
390 2633 581 2718 παρανομία
599 2625 656 2695 καὶ
673 2620 787 2703 στάσις
810 2650 866 2691 και
854 2622 1030 2709 πολέμου

60 2735 137 2813 δέος
162 2734 327 2821 ἐμφυλίου
350 2730 406 2801 καὶ
424 2726 590 2799 κύντατα
578 2723 746 2816 ἔχθιστα
770 2725 807 2801 έν
823 2719 1029 2813 ἀνθρώποις,
1047 2739 1084 2789 25

58 2841 97 2905 τί
111 2823 174 2904 οὖν
192 2840 240 2904 ἔτι
258 2834 315 2903 καὶ
332 2832 443 2921 μέλλει
467 2825 611 2920 χρηστὸν
629 2824 784 2899 ἔσεσθαί
786 2852 865 2897 ποτε
881 2820 903 2912 ἢ
921 2820 1031 2943 σωτή-

60 2962 148 3026 ριον,
171 2932 328 3014 τοιαύτας
350 2929 519 3021 λαβούσης
540 2928 599 3011 τὰς
621 2926 740 3020 ἀρχύςς
768 2922 853 2997 ὥστε
874 2920 1030 3014 περιττόν

2 3055 50 3107 868
62 3039 154 3107 ἐστιν
178 3033 260 3126 ἡμῖν
286 3027 377 3107 ίδισιυ
395 3035 451 3103 καὶ
469 3027 656 3121 ἀλεξήματα
672 3032 742 3100 τῦν
757 3020 1030 3112 ἄναβλαστανόν·

59 3166 131 3210 των
149 3140 182 3221 ἐξ
207 3133 310 3226 αύτής
333 3162 446 3206 κακωυ
470 3142 590 3223 ζητεῖν,
614 3127 722 3201 ὁπόσα
740 3134 788 3207 είς
810 3121 1030 3216 ἀνθρώπινον

61 3246 177 3311 πίπτει
203 3235 379 3329 λογισμόν,
410 3233 575 3360 μενούσης
601 3237 649 3302 ἐτι
671 3234 731 3320 τῆς
754 3230 901 3319 πονηροῖς
927 3232 1026 3319 ῥίζης.
1046 3246 1080 3296 30

63 3338 104 3413 06
129 3339 193 3432 γὰρ
219 3348 310 3413 ἔσται
333 3341 436 3431 πέρας
458 3332 533 3408 οὐδ’
554 3331 730 3423 ἀπαλλαγή
752 3333 821 3401 τοῖν
844 3332 1029 3419 δαιμονίων

63 3441 184 3535 χόλων,
203 3438 302 3526 ἕως
282 3470 325 3513 αν
336 3436 431 3530 ηδε
413 3468 435 3527 η
453 3436 622 3527 βάσκανος
639 3431 751 3529 ἐρινῦς
768 3431 1030 3607 καὶιὲρηιγέδαιυα
