2384 3850
559 131 756 192 ..ς-

177 304 289 394 ιδσιιερ
307 303 457 376 θάλαττα
474 302 532 375 ὑπ’
553 302 689 395 ἀνίμων
705 301 818 374 ἄλλων
832 299 886 375 ἐπ’
905 301 1018 387 ἄλλοις
1033 306 1166 375 ἐπανι-

176 409 367 499 σταμένων,
385 404 648 496 ἀνακινούμενοί
661 435 698 477 τε
720 409 777 477 καὶ
798 403 1051 497 ἀγριαινόμενοι
1069 395 1166 478 οὐδὲ

176 509 237 581 τὸν
255 508 427 600 ἐλάχιστον
445 506 566 600 χρόνον
585 512 622 579 ἐν
644 506 769 601 ἡσυχία
791 509 848 579 καί
871 506 1001 598 γαλήνῃ
1020 513 1163 579 διακεῖ-

176 624 259 683 σθαι
275 609 339 700 τήν
356 609 455 682 πόλιν
475 612 555 682 ἐᾶτε.
574 609 743 703 τοιγάρτοι
756 615 928 701 περίεστιν
944 608 1026 699 ήμίν
1039 617 1162 700 κρείτ·

142 739 159 788 5
177 742 257 785 τονα
274 708 432 803 ἡγεῖσθαι
449 715 508 802 τής
526 710 660 803 εἰρήνης
678 710 737 782 τὸν
750 710 913 802 πόλεμον·
932 710 1015 802 ὅταν
1032 713 1101 802 μίν
1114 739 1160 800 γε

176 822 373 906 πολεμῶμεν
390 812 467 899 τούς
492 812 635 905 ἐχθρούς
658 818 769 895 κακαῖς
793 817 974 903 ποιοῦμεν,
1000 809 1087 884 ὅταν
1113 813 1160 882 δὲ

177 915 317 1008 εἰρήνην
335 913 469 1007 άγωμεν
487 915 564 1000 τούς
583 923 713 1007 φίλους.
742 922 866 1005 καίτοι,
886 906 913 986 ὦ
932 913 1094 1004 δημόται,
1122 922 1161 985 εἰ

176 1020 239 1108 μὲν
256 1015 387 1088 ἅπαντα
411 1016 451 1088 τά
469 1017 683 1108 βουλεύματα
700 1023 761 1089 τοῦ
779 1023 962 1107 συνεδρίου
984 1013 1072 1087 καλά
1093 1019 1157 1086 καὶ

177 1121 393 1210 συμφέροντα
409 1117 545 1209 ἡγεῖσθ’
569 1120 672 1207 εἰναι,
696 1116 809 1211 ὥσπερ
835 1122 920 1208 ἐστί,
945 1124 981 1189 τί
995 1117 1073 1208 οὐχὶ
1091 1121 1155 1187 καὶ

91 1225 103 1246 ’
126 1243 161 1293 10
178 1227 276 1291 τοῦτο
295 1225 334 1290 ἓν
353 1223 385 1304 ἐξ
404 1219 517 1292 αὐτῶν
532 1219 781 1311 ὑπολαμβάνετ’
804 1219 907 1306 εἰναι;
934 1226 965 1289 εἰ
983 1220 1022 1290 δέ
1038 1220 1154 1310 μηδὲν

177 1321 291 1404 διπλοῖς
308 1318 371 1411 τήν
384 1321 513 1412 βουλήν
524 1326 593 1393 τῶν
604 1321 752 1394 δεόντων
764 1333 881 1394 οἴεσθε
893 1338 1047 1412 φρονεῖν,
1067 1319 1148 1391 ἀλλ’
1165 1346 1179 1394 1

178 1427 322 1515 αἰσχρῶς
347 1427 402 1494 καὶ
425 1429 535 1506 κακῶς
557 1423 622 1514 τήν
643 1424 744 1496 πόλιν
768 1421 1018 1515 ἐπιτροπεύειν,
1044 1430 1081 1494 τί
1105 1422 1153 1511 δή

177 1553 257 1598 ποτε
275 1522 353 1615 οὐχί
369 1523 653 1617 μεταστησάμενοι
671 1525 778 1616 αὐτήν
801 1523 962 1618 άθρόαν,Ι
976 1521 1072 1596 αὐτοὶ
1090 1521 1151 1615 άρ-

178 1657 251 1719 χετε
269 1630 324 1698 καὶ
342 1627 521 1716 βουλεύετε
540 1632 596 1700 καὶ
612 1626 691 1710 τούς
708 1627 796 1719 ύπέρ
811 1631 871 1718 τῆς
887 1626 1067 1718 ἡγεμονίας
1085 1653 1149 1697 πο-

89 1801 95 1818 ,
127 1751 160 1800 15
178 1733 298 1819 λε’μονς
321 1731 492 1820 ἐκφέρετε,
520 1726 606 1800 άλλά
627 1738 830 1817 περικνιζετε
854 1726 961 1818 αύτήν
984 1730 1041 1799 καί
1063 1728 1151 1799 κατά

177 1830 279 1924 μικρά
299 1830 450 1903 διαλύετε
463 1829 541 1914 τούς
557 1831 839 1922 ἐπιφανεστάτους
852 1827 1096 1921 άναρπάζοντες
1110 1834 1149 1901 ἐν

178 1950 250 2014 ταις
270 1939 394 2018 δίκαις;
412 1932 550 2022 άμεινον
568 1932 633 2024 γάρ
652 1926 719 2024 [ἦν]
739 1933 864 2029 ἅπασιν
876 1929 958 2024 ἡμῖν
971 1937 1069 2025 κοινή
1084 1959 1149 2004 τινα

178 2044 374 2124 λεμεῖσθαι,
394 2028 415 2122 ἢ
434 2031 515 2105 καθ’
536 2038 596 2106 ἕνα
610 2038 751 2107 ἕκαστον
765 2042 836 2128 ἰδία
849 2047 1143 2125 συκοφαντεῖσθαι.

179 2133 262 2205 ἄλλά
279 2131 344 2226 γάρ
362 2130 424 2225 οὐχ
441 2130 537 2226 ύμελς
556 2148 655 2207 αἰτιοι
672 2135 813 2226 τούτων,
833 2135 945 2225 ὥσπερ
959 2144 1057 2227 ἐφην,
1075 2133 1143 2206 ἄλλ’

127 2258 161 2307 20
179 2242 214 2308 οἰ
242 2236 524 2326 συνταράττοντες
554 2233 640 2328 ὑμᾶς
665 2241 858 2329 δημαγωγοὶ
882 2236 960 2310 οὔτε
983 2235 1145 2329 ἄρχεσθαι

178 2336 403 2429 ὑπομένοντες
421 2337 498 2412 οὔτε
521 2338 638 2431 άρχειν
662 2340 796 2425 εἰδότες.
833 2343 889 2411 καί
913 2337 996 2411 ὅσον
1012 2341 1074 2430 μὲν
1090 2343 1144 2411 ἐπὶ

177 2444 220 2533 τῇ
236 2440 363 2513 τούτων
380 2437 557 2535 άφροσύνη
572 2470 607 2513 τε
620 2445 676 2513 καί
689 2440 825 2537 ἀπειρίᾳ
838 2440 997 2525 πολλάκις
1010 2436 1052 2513 άν
1063 2436 1145 2532 ύμῖν

178 2542 255 2615 τόδε
272 2540 309 2613 τὸ
328 2541 455 2633 σκάφος
469 2540 654 2635 άνετράπη·
673 2552 740 2616 νῦν
759 2541 793 2614 δ’
808 2542 829 2634 ἡ
843 2544 883 2616 τὰ
895 2541 1024 2616 τούτων
1037 2541 1143 2632 σφάλ-

178 2672 265 2733 ματα
288 2648 546 2736 ἐπανορθοῦσα,
577 2648 633 2718 καί
657 2651 695 2717 ἐν
718 2645 808 2736 ὀρθῇ
832 2656 931 2717 πλείν
956 2646 1143 2737 παρέχουσα

126 2770 161 2821 25
179 2743 260 2835 ὑμῖν
277 2750 318 2835 τῇ
337 2743 449 2835 πόλει,
469 2742 489 2835 ή
508 2757 647 2819 πλεῖστα
661 2748 756 2819 δεινά
772 2743 833 2819 ὑπ’
852 2744 965 2819 αὐτῶν
978 2743 1142 2819 ἀκούουσά

179 2852 247 2919 ἐστι
265 2844 381 2937 βουλή.
406 2852 510 2919 ταῦτα
529 2859 595 2919 εἴτε
612 2847 696 2939 ήδία
714 2853 806 2921 ἐστὶν
827 2845 910 2940 ύμῖν
926 2846 1062 2921 άκούειν
1078 2858 1141 2918 εἴτε

178 2946 317 3041 ιἰυιαρά,
336 2948 418 3039 μετὰ
435 2947 544 3040 πάσης
561 2946 724 3041 άληθείας
744 2961 875 3042 εἰρηταί
890 2980 946 3041 μοι
965 2953 1022 3021 καὶ
1033 2947 1140 3020 τετόλ-

178 3070 293 3141 μηται·
330 3054 387 3122 καὶ
412 3056 539 3142 μάλλον
567 3059 725 3143 αἱροίμην
754 3048 798 3124 δν
822 3059 994 3145 παρρησίᾳ
1017 3073 1175 3142 συμφε-Ιε

179 3149 286 3244 ρούση
300 3160 347 3244 τῷ
362 3161 463 3248 κοινῷ
481 3152 651 3247 χρώμενος
664 3150 865 3244 άποθανεῐν,
883 3148 959 3244 ήτά
971 3151 1052 3244 πρὸς
1063 3148 1139 3243 ήδο-

128 3278 163 3327 30
181 3252 247 3342 νὴν
265 3250 347 3343 ὑμῖν
365 3258 472 3343 λέγων
490 3256 699 3329 σεσῶσθαι.“

257 3354 406 3424 XXXIII.
439 3355 618 3441 Τοιούτους
635 3354 741 3429 εἰπάν
758 3355 877 3447 λόγους
895 3360 952 3429 καὶ
969 3353 1045 3428 οὔτε
1060 3354 1137 3446 πρὸς

180 3454 397 3549 ὀλοφυρμούς
415 3458 471 3527 καὶ
495 3456 717 3543 ἀνακλαύσεις
736 3462 800 3549 τῆς
822 3462 999 3552 συμφοράς
1023 3456 1137 3550 τραπό-
