2384 3850
430 92 635 151 ..Η-

11 278 160 353 λλμευοι
188 261 397 334 Οὐολοῦσκοι
419 263 483 353 μὲν
505 262 674 355 πρότεροι
703 267 759 334 καὶ
778 267 903 335 θάττον
922 255 1015 337 οὗτοι

48 369 103 453 της
123 362 260 456 είρήυης
277 364 450 454 ἔτυχον,
431 364 596 487 αρχάριόν
612 393 649 437 τε
666 363 819 448 δόντες“
800 388 881 437 οσον
900 362 1015 451 αὑτοῖς

48 462 65 536 6
94 464 225 548 ὕπατος
256 469 349 549 ἔταξε
379 469 434 536 καὶ
463 456 610 537 τάλλα”
590 489 682 539 οσον
711 474 780 539 ἔδει
811 470 854 557 τή
876 476 1013 561 στρατιᾷ

49 566 159 639 πάντα
180 566 464 659 ὑπηρετήσαντες
499 560 620 638 καὶ
577 598 670 640 ουτοι
694 570 757 691 μὲν
780 565 922 658 ὑπήκοοι
940 567 1016 641 Ρω-

48 677 158 759 μαίοις
182 676 321 741 ἔσεσθαι
346 663 564 759 ὡμολόγησαν
586 668 730 752 οὐδενὸς
755 678 802 741 ἔτι
819 669 1015 761 μεταποιοὺ-
1050 692 1066 741 5

48 801 141 859 μενοι
158 800 228 841 ταν
245 781 337 842 ίσοιν.
373 768 526 859 Ἕρνικες
551 768 630 842 6⁹
605 792 759 861 υστεροι,
784 770 899 861 ἐπειδή
916 800 1016 862 μεμο-

48 875 220 962 νωμένους
239 869 378 954 ἑαυτοὺς
397 873 500 962 εἶδον,
518 868 604 966 ὑπὲρ
624 872 758 965 εἰρήνης
775 902 811 945 τε
828 877 884 944 καὶ
902 882 1016 963 φιλίας

49 978 239 1063 διελέγοντο
256 973 339 1065 πρὸς
356 974 415 1045 τὸν
432 971 571 1047 ὕπατον.
616 973 634 1045 ὁ
660 976 697 1046 δὲ
715 973 863 1058 Κάσσιος
887 975 1017 1064 πολλήν

49 1084 251 1167 κατηγορίαν
274 1074 357 1167 πρὸς
379 1072 458 1157 τοὺς
480 1078 636 1167 πρέσβεις
667 1073 741 1148 κατ’
768 1074 880 1149 αὐτῶν
898 1081 1016 1148 διαθέ-

48 1206 163 1265 μενος,
188 1180 321 1268 πρῶτον
338 1184 404 1267 ἔφη
426 1184 501 1248 δεῖν
518 1174 641 1261 αὑτοὺς
663 1177 704 1249 τά
721 1186 790 1250 τῶν
813 1182 1016 1269 κεκρατημέ-
1034 1197 1067 1245 10
1180 1170 1181 1207 ³

49 1308 117 1349 νων
134 1307 173 1348 τε
196 1282 253 1348 καὶ
270 1277 431 1367 ὑπηκόων
456 1277 677 1369 ποιήσαντας,
701 1279 775 1354 τότε
800 1283 1015 1369 διαλέγεσθαι

49 1384 123 1470 περὶ
147 1387 279 1469 φιλίας·
312 1388 381 1450 τῶν
406 1382 443 1451 δὲ
466 1387 684 1473 πρεσβευτῶν
712 1379 865 1470 ποιήσειν
887 1380 928 1453 τά
954 1390 1014 1453 δυ-

49 1480 129 1552 νατά
147 1484 205 1551 καὶ
218 1483 334 1571 μέτρια
348 1480 527 1571 λεγόντων,
541 1485 715 1553 ἐκέλευσεν
728 1480 841 1563 αιἰτοίς
854 1479 1016 1572 άρνὺριόυ

49 1611 81 1651 τε
103 1580 123 1653 ὃ
147 1581 222 1653 κατ’
253 1579 362 1672 ἄνδρα
390 1600 459 1668 τοῖς
483 1582 698 1674 στρατιώταις
729 1591 777 1664 είς
800 1581 1016 1672 ὀψωνιασμὸν

51 1691 125 1766 ἔθος
151 1675 197 1771 ήν
220 1687 253 1768 ἓξ
276 1687 393 1775 μηνοῖν
419 1692 578 1757 δίδοσθαι
603 1687 659 1757 καὶ
684 1684 738 1754 διά
762 1683 866 1775 μηνὸς
889 1682 1014 1775 τροφάς
1035 1701 1067 1750 15

11 1783 242 1877 ὶῖοάποφέρειυ,
287 1790 350 1867 ἕως
381 1783 415 1857 δ’
447 1782 490 1858 άυ
519 1794 625 1859 ταῦτα
653 1794 884 1877 συμπορίσωσι
918 1785 1015 1869 τάξας

51 1886 122 1959 τινά
139 1886 264 1981 χρόνον
281 1883 433 1980 ἡμερῶν,
460 1885 583 1980 άυοχδις
608 1884 722 1972 αὑτοῖς
746 1892 862 1962 ἐδίδου
880 1892 940 1960 τοῦ
958 1916 1016 1960 πο-

53 1993 161 2080 λέμου.
194 1989 478 2082 ὑπηρετησάντων
497 1988 530 2059 δ’
550 1989 664 2074 αὐτοῖς
681 1988 814 2065 ἅπαντα
831 1995 899 2062 τῶν
912 1984 1017 2082 Ἑρνί-

52 2121 118 2163 κων
137 2090 195 2162 διά
211 2091 332 2182 τάχους
356 2095 411 2162 καὶ
432 2089 514 2182 μετά
537 2103 746 2184 προθυμίας,
771 2092 922 2216 καὶςτοὺς
940 2097 1018 2180 περὶ

52 2297 148 2378 υίσας
167 2291 291 2376 αὑτοὺς
308 2294 325 2364 ὁ
344 2293 703 2385 Κάσσιοςάνίπεμψεν
726 2299 781 2366 ε’πὶ
798 2293 861 2382 τήν
878 2293 1015 2384 βουλήν.

14 2480 15 2484 ρ
52 2412 116 2478 τοῖς
136 2393 170 2466 δ’
191 2401 227 2466 ἐκ
240 2400 301 2466 τοῦ
315 2404 498 2486 συνεδρίου
504 2395 615 2468 πολλοὶ
628 2397 909 2490 βουλευσαμένοις
924 2398 1017 2478 ἔδοξε

14 2524 15 2540 ¹
54 2500 209 2586 δέχεσθαι
235 2498 299 2588 μὲν
323 2497 400 2582 τοὺς
431 2496 558 2590 ἄνδρας
586 2505 634 2580 είς
659 2505 794 2588 φιλίαν,
822 2494 876 2586 ἐφ’
904 2491 954 2578 οἷς
980 2497 1018 2566 δὲ

54 2598 249 2688 γενήσονται
269 2606 410 2682 δικαίοις
428 2607 466 2670 αί
480 2598 562 2692 πρδς
580 2596 702 2684 αὑτοὺς
721 2603 903 2688 συνθῆκαι,
923 2595 1018 2670 Κάσ-

14 2696 15 2745 Ῑ
54 2720 123 2773 σιου
146 2699 206 2771 τὸν
228 2699 358 2772 ὑπατου
381 2706 512 2789 γνῶναί
532 2729 568 2772 τε
591 2704 649 2772 καί
672 2703 805 2790 στήσαι·
833 2697 899 2772 ὅτι
919 2703 956 2772 δὲ
975 2694 1018 2770 άν
1036 2720 1069 2771 25

56 2803 171 2895 ἐκείνῳ
190 2801 282 2894 δόξη,
301 2801 391 2874 τοῦτ’
413 2802 500 2875 εἶναι
518 2811 615 2893 σφίσι
634 2801 760 2895 κάριου.

126 2903 289 2972 LXVssll.
322 2909 433 2976 Ταῦτα
450 2910 509 2993 τῆς
526 2908 652 2994 βουλῆς
670 2904 916 2994 ψηφισαμένης,
935 2899 1019 2971 666-

56 3008 195 3091 στρέψας
227 3013 275 3087 είς
305 3004 367 3094 τήν
389 3004 488 3077 πόλιν
511 3001 529 3076 6
553 3005 700 3087 Κάσσιος
723 3010 894 3106 θρίαμβον
917 3001 1020 3073 κατά-

56 3133 125 3190 γειν
141 3103 238 3198 ήξίου
258 3105 484 3197 δεάτερου,
461 3137 506 3189 ως
529 3107 569 3177 τά
586 3110 725 3196 μέγιστα
748 3113 815 3176 τῶν
833 3107 946 3176 ἐδυοῐν
963 3133 1020 3176 κε-

15 3210 269 3300 λῖλχειροιμέυος,
293 3207 403 3299 χάριτι
418 3212 553 3333 μᾶλλον
574 3206 731 3296 ἁρπάζων
752 3205 789 3277 τό
807 3213 917 3296 τίμιον
934 3200 956 3294 ή
972 3212 1019 3298 τῷ
1037 3228 1071 3277 30

58 3313 173 3404 δικαίῳ
190 3308 434 3401 λαμβάνων,
414 3305 451 3394 ὸς
468 3339 545 3382 ουτε
561 3308 675 3390 πόλεις
698 3305 781 3380 κατά
797 3307 917 3399 κράτος
934 3306 1020 3378 ἕλὺν

59 3413 93 3478 ἐκ
109 3420 329 3503 τειχομαχίας,
347 3408 421 3483 οὔτ’
444 3415 481 3484 ἐν
497 3407 658 3505 ὑπαίθρῳ
673 3407 763 3505 μάχη
782 3406 941 3504 στρατιάν
958 3433 1021 3478 πο-
