2384 3850
489 127 687 186 -Z-
1020 121 1063 184 69

88 293 154 384 τήν
172 294 301 384 βουλήν
318 290 451 378 ἀξιῶσει
469 294 579 368 πάντα
595 303 760 368 κίνδυνον
778 293 863 366 δι”
845 293 967 368 εαυτδν
979 293 1090 367 6210-

88 400 217 488 μένειν,
235 394 343 490 κακήν
359 388 461 487 μὲν
438 426 592 490 ητταν,α
594 397 714 490 ίσχράν
734 399 770 468 δέ
787 406 887 487 νίκην
903 414 972 479 τοῖς
989 425 1071 468 πει-

88 514 206 573 σθεῖσι
223 495 412 590 προσάψειν
436 496 539 572 αῦτδν
562 497 764 590 ἀπέφαινεν·
783 489 836 587 ήν
858 528 895 570 τε
912 503 1061 595 ἐνταῦθα
1163 567 1165 570 .

87 599 195 682 πολῦς
204 597 463 726 ὀλοφυρόμενος
485 605 541 673 καὶ
565 607 635 674 τῶν
658 589 983 692 καταλαμβανόντων
1000 631 1061 672 κα-

87 706 162 774 κῶν
178 702 236 784 τάς
253 700 366 784 πόλεις
391 708 428 775 έν
445 720 518 786 ταῖς
542 710 767 795 διχοστασίαις
791 701 833 774 τά
849 705 987 794 μέγιστα
1005 707 1061 774 καὶ
1095 721 1112 773 5

87 801 311 896 φανερώτατα
329 804 573 896 ἐπιλεγόμενος.

11 928 77 977 1439
166 905 239 975 LV.
269 905 415 990 Διεξιῶν
439 909 604 998 δὲταῦτα
631 907 714 998 μετὰ
737 909 872 978 πολλῶν
902 901 1061 996 δακρύων
1182 977 1185 981 .

88 1005 130 1079 οῦ
148 1012 385 1101 προσποιητῶν
408 1013 465 1080 καὶ
488 1013 749 1100 πεπλασμένων,
776 1005 849 1079 ἀλλ’
871 1005 1058 1099 ἀληθινῶν,

86 1106 177 1202 ἀνήρ
207 1109 338 1199 ήλικίας
365 1138 401 1181 τε
426 1114 484 1182 καὶ
501 1108 620 1204 ἀρετής
651 1107 785 1196 ἀξιῶσει
807 1108 983 1202 προῦχων,
1016 1108 1061 1192 ῶς

86 1219 197 1301 ἔμαθε
214 1210 416 1303 αινοῦμενον
439 1215 494 1284 ἐπὶ
517 1232 586 1296 τοῖς
604 1216 795 1303 λεγομένοις
812 1211 849 1284 τὸ
868 1214 1059 1305 συνέδριον,
1080 1229 1111 1278 10
1171 1285 1174 1292 ,

87 1317 125 1384 ἐκ
150 1318 212 1383 τοῦ
235 1313 481 1405 τεθαρρηκότος
509 1312 575 1404 ήδη
601 1313 638 1386 τό
656 1313 786 1386 λοιπόν
809 1316 963 1404 ἐξέφαινε
993 1315 1061 1384 τῶν

85 1413 214 1503 λόγων·
243 1422 287 1486 Εί
306 1416 346 1485 δέ
360 1445 448 1499 τινες
465 1411 573 1507 ῦμῶν,
592 1407 619 1486 ῶ
637 1423 834 1505 βουλευταί,
859 1418 983 1506 λέγων,
1001 1444 1061 1485 τα-

39 1568 44 1578 .
85 1515 265 1606 ράττονται
290 1520 469 1600 δοκοῦντες
492 1526 571 1600 ἔθος
590 1515 738 1606 εἰσάγειν
755 1515 904 1606 πονηρόν
929 1523 976 1598 είς
999 1513 1061 1604 τήν
1113 1549 1114 1554 ’

84 1616 206 1707 πόλιν,
238 1618 297 1689 ἐὰν
314 1624 360 1713 τῷ
380 1619 476 1713 δήμω
494 1616 731 1710 συγχωρήσητε
749 1622 863 1708 ψήφου
888 1618 1061 1707 ἐπιφέρειν

85 1716 173 1790 κατά
196 1724 266 1790 τῶν
286 1727 490 1813 πατρικίων,
520 1723 578 1792 καὶ
602 1719 653 1790 ἐπ’
681 1717 799 1790 οὐδενὶ
822 1717 943 1814 ἀγαθῶ
964 1724 1057 1808 νομί·
1079 1736 1111 1786 15

86 1829 182 1905 ζουσι
199 1819 262 1910 τήν
279 1825 347 1892 τῶν
365 1820 547 1915 δημάρχων
564 1824 720 1906 ἐξουσίαν
737 1820 866 1910 πολλήν
885 1818 982 1910 ίσχῦν
1000 1829 1061 1890 λα-
1184 1865 1185 1872 1

85 1925 219 2014 βοῦσαν
233 1921 448 2014 γενήσεσθαι,
458 1928 660 2017 μαθέτωσαν
673 1922 920 2017 ἁμαρτάνοντες
933 1924 991 2012 τής
1006 1920 1060 1993 δό-

86 2028 145 2115 ξης
155 2027 213 2095 καὶ
226 2021 388 2097 τάναντία
397 2022 418 2116 ή
426 2026 468 2097 τά
476 2025 689 2118 προσήκοντα
701 2022 933 2116 ἀπειληφότες.
955 2031 986 2095 εί
995 2022 1060 2115 γάρ

84 2129 195 2197 τεκαὶ
213 2124 294 2198 ἀλλο
313 2135 478 2220 σωτηρίας
496 2141 604 2201 αίτιον
622 2136 714 2200 έσται
731 2130 772 2221 τή
790 2125 885 2200 πόλει
904 2130 986 2217 τήδε
1003 2127 1061 2196 καὶ
1183 2212 1184 2217 ¹

84 2231 147 2299 τοῦ
164 2226 332 2319 μηδέπῦτε
349 2230 412 2319 τήν
425 2234 625 2321 ἐλευθερίαν
635 2228 718 2321 μήτε
729 2228 792 2318 τήν
806 2227 905 2319 ίσχῦυ
918 2225 1060 2317 ἀφαιρε-
1078 2252 1111 2300 20
1183 2232 1184 2247 *

13 2333 213 2419 144οθήναι,
237 2325 448 2419 ὁμονοοῦσαν
466 2334 504 2403 δέ
521 2329 574 2402 ἀεὶ
591 2333 649 2401 καὶ
666 2332 726 2422 μιᾷ
742 2329 859 2421 γνῶμη
878 2331 956 2420 περὶ
973 2328 1060 2398 πάν.-

84 2459 156 2502 των
174 2435 350 2521 χρωμένην
375 2439 557 2521 διατελεῖν,
588 2430 607 2502 ὁ
631 2434 735 2520 δήμος
759 2427 950 2511 αίτιῶτατος
969 2434 1060 2499 ἔσται
1182 2472 1183 2475 =

86 2538 394 2623 συμπαραληφθεὶς
418 2537 473 2615 ἐπὶ
496 2532 537 2605 τά
562 2531 755 2625 πράγματα·
781 2534 838 2602 καὶ
861 2529 897 2602 τό
916 2528 961 2621 μή
979 2537 1060 2620 μίαν
1182 2558 1183 2599 i

86 2634 177 2705 εἶναι
202 2634 265 2724 τήν
292 2640 486 2722 διοικοῦσαν
516 2635 557 2705 τά
586 2634 683 2706 κοινά
714 2640 885 2706 πολιτείαν
915 2630 1060 2726 άκρατον

84 2733 171 2823 μήτε
187 2732 384 2827 ὀλιγαρχίαν
400 2736 482 2828 μήτε
495 2742 740 2829 δημοκρατίαν,
758 2732 842 2807 ἀλλά
860 2736 922 2824 τήν
940 2733 1061 2826 μικτήν
1078 2756 1111 2807 25

86 2838 122 2919 έξ
146 2831 287 2909 ἀπασῶν
309 2837 439 2910 τούτων
467 2836 688 2929 κατάστασιν,
714 2842 812 2910 τοῦτο
840 2832 926 2927 ῦπδρ
951 2834 1059 2907 πάντα
1181 2848 1182 2915 3

85 2935 175 3026 ήμάς
199 2938 375 3029 ὠφελήσει.
422 2944 527 3033 ῥᾷστα
550 2938 614 3033 γάρ
645 2947 691 3024 είς
714 2936 830 3033 ὕβρεις
854 2933 1060 3025 ἀποσκήπτει
1181 2932 1182 2950 ’

86 3040 145 3107 καὶ
169 3050 378 3132 παρανομίας
401 3039 530 3113 τοότων
553 3046 695 3113 ἕκαστον
716 3046 785 3112 τῶν
807 3036 1060 3129 πολιτευμάτων

87 3135 171 3209 αῦτδ
199 3140 278 3213 καθ’
313 3142 412 3214 ἑαυτό
435 3142 627 3234 γινόμενον·
662 3142 743 3214 όταν
774 3141 805 3211 δ’
840 3141 1058 3232 ἀνακερασθῇ

87 3238 198 3312 πάντα
214 3242 410 3365 μετρίως
375 3274 412 3316 το
431 3248 640 3337 παρακινοῦν
663 3246 763 3335 μέρος
787 3250 823 3314 αί
810 3246 856 3314 ίεδ
873 3244 928 3313 καὶ
948 3246 1058 3330 έκβαῐ·
1077 3264 1110 3312 30
1180 3242 1181 3295 ἲ

87 3370 151 3412 νον
169 3347 205 3414 έκ
227 3350 288 3416 τοῦ
306 3345 479 3439 συνήθους
496 3344 623 3437 κόσμου
641 3342 708 3416 ῦπδ
726 3350 784 3415 τοῦ
803 3344 1058 3434 σωφρονοῦντος

86 3445 159 3514 καλ
163 3446 321 3537 μένοντος
340 3453 377 3521 έν
394 3464 463 3533 τοῖς
482 3456 580 3529 ίδίοις
597 3444 698 3537 ήθεσι
715 3453 931 3536 κατείργεται.
975 3469 1058 3530 μον-
