<?xml version="1.0" encoding="UTF-8"?>
<!DOCTYPE html PUBLIC "-//W3C//DTD XHTML 1.0 Transitional//EN"
    "http://www.w3.org/TR/xhtml1/DTD/xhtml1-transitional.dtd">
<html xmlns="http://www.w3.org/1999/xhtml" xml:lang="en" lang="en">
 <head>
  <title>
</title>
<meta http-equiv="Content-Type" content="text/html;charset=utf-8" />
  <meta name='ocr-system' content='tesseract 3.04.00' />
  <meta name='ocr-capabilities' content='ocr_page ocr_carea ocr_par ocr_line ocrx_word'/>
</head>
<body>
  <div class='ocr_page' id='page_1' title='image "./dionysihalicarn01kiesgoog/dionysihalicarn01kiesgoog_0276.png"; bbox 0 0 2384 3850; ppageno 0'>
   <div class='ocr_carea' id='block_1_1' title="bbox 150 84 738 151">
    <p class='ocr_par' dir='ltr' id='par_1_1' title="bbox 150 84 738 151">
     <span class='ocr_line' id='line_1_1' title="bbox 150 84 738 151; baseline -0.01 0"><span class='ocrx_word' id='word_1_1' title='bbox 150 86 215 151; x_wconf 82' lang='lat'><strong><em>230</em></strong></span> <span class='ocrx_word' id='word_1_2' title='bbox 432 84 738 145; x_wconf 48' lang='grc' dir='ltr'><strong><em>ε-Θ-</em></strong></span> 
     </span>
    </p>
   </div>
   <div class='ocr_carea' id='block_1_2' title="bbox 5 253 1189 3500">
    <p class='ocr_par' dir='ltr' id='par_1_2' title="bbox 5 253 1189 3516">
     <span class='ocr_line' id='line_1_2' title="bbox 147 253 1124 350; baseline -0.004 -19"><span class='ocrx_word' id='word_1_3' title='bbox 147 258 277 348; x_wconf 77' lang='grc' dir='ltr'><strong><em>πολλὴν</em></strong></span> <span class='ocrx_word' id='word_1_4' title='bbox 303 259 340 328; x_wconf 72' lang='grc' dir='ltr'><strong><em>δέ</em></strong></span> <span class='ocrx_word' id='word_1_5' title='bbox 363 256 460 350; x_wconf 82' lang='grc' dir='ltr'><em>χάριν</em></span> <span class='ocrx_word' id='word_1_6' title='bbox 483 253 599 337; x_wconf 76' lang='grc' dir='ltr'><strong><em>αὐτοῖς</em></strong></span> <span class='ocrx_word' id='word_1_7' title='bbox 623 257 749 327; x_wconf 81' lang='grc' dir='ltr'><strong><em>εἰδέναι</em></strong></span> <span class='ocrx_word' id='word_1_8' title='bbox 772 255 941 347; x_wconf 81' lang='grc' dir='ltr'><strong><em>φήσαντες</em></strong></span> <span class='ocrx_word' id='word_1_9' title='bbox 964 257 1025 346; x_wconf 75' lang='grc' dir='ltr'><strong><em>τῆς</em></strong></span> <span class='ocrx_word' id='word_1_10' title='bbox 1042 283 1124 347; x_wconf 85' lang='grc' dir='ltr'><strong><em>προ·</em></strong></span> 
     </span>
     <span class='ocr_line' id='line_1_3' title="bbox 146 348 1189 451; baseline -0.007 -19"><span class='ocrx_word' id='word_1_11' title='bbox 146 367 292 451; x_wconf 76' lang='grc' dir='ltr'><strong><em>θυμίας,</em></strong></span> <span class='ocrx_word' id='word_1_12' title='bbox 338 358 513 431; x_wconf 76' lang='grc' dir='ltr'><strong><em>ἀπέλυσαν</em></strong></span> <span class='ocrx_word' id='word_1_13' title='bbox 549 362 607 446; x_wconf 80' lang='grc' dir='ltr'><strong><em>της</em></strong></span> <span class='ocrx_word' id='word_1_14' title='bbox 657 354 899 449; x_wconf 74' lang='grc' dir='ltr'><strong><em>ἀποσταλείσης</em></strong></span> <span class='ocrx_word' id='word_1_15' title='bbox 946 355 1123 449; x_wconf 75' lang='grc' dir='ltr'><strong><em>δυνάμεως</em></strong></span> <span class='ocrx_word' id='word_1_16' title='bbox 1188 348 1189 425; x_wconf 78' lang='lat'><strong><em>6</em></strong></span> 
     </span>
     <span class='ocr_line' id='line_1_4' title="bbox 35 456 1189 555; baseline 0 -23"><span class='ocrx_word' id='word_1_17' title='bbox 35 456 40 464; x_wconf 52' lang='lat'>¹</span> <span class='ocrx_word' id='word_1_18' title='bbox 146 462 209 553; x_wconf 77' lang='grc' dir='ltr'><strong><em>τὴν</em></strong></span> <span class='ocrx_word' id='word_1_19' title='bbox 225 457 390 553; x_wconf 80' lang='grc' dir='ltr'><strong><em>ἡμίσειαν.</em></strong></span> <span class='ocrx_word' id='word_1_20' title='bbox 428 464 547 546; x_wconf 79' lang='grc' dir='ltr'><strong><em>ἔταξαν</em></strong></span> <span class='ocrx_word' id='word_1_21' title='bbox 573 459 687 535; x_wconf 70' lang='grc' dir='ltr'><strong><em>δὲκαὶ</em></strong></span> <span class='ocrx_word' id='word_1_22' title='bbox 705 457 769 549; x_wconf 86' lang='grc' dir='ltr'><strong><em>πρό</em></strong></span> <span class='ocrx_word' id='word_1_23' title='bbox 787 464 846 551; x_wconf 81' lang='grc' dir='ltr'><strong><em>τῆς</em></strong></span> <span class='ocrx_word' id='word_1_24' title='bbox 863 458 990 543; x_wconf 84' lang='grc' dir='ltr'><strong><em>πόλεως</em></strong></span> <span class='ocrx_word' id='word_1_25' title='bbox 1008 468 1123 549; x_wconf 90' lang='grc' dir='ltr'><strong><em>τρίτον</em></strong></span> <span class='ocrx_word' id='word_1_26' title='bbox 1188 466 1189 555; x_wconf 81' lang='lat'><strong><em>6</em></strong></span> 
     </span>
     <span class='ocr_line' id='line_1_5' title="bbox 147 557 1189 655; baseline -0.001 -20"><span class='ocrx_word' id='word_1_27' title='bbox 147 568 185 635; x_wconf 86' lang='grc' dir='ltr'><strong><em>έκ</em></strong></span> <span class='ocrx_word' id='word_1_28' title='bbox 205 570 302 635; x_wconf 71' lang='grc' dir='ltr'><strong><em>δυεῖν</em></strong></span> <span class='ocrx_word' id='word_1_29' title='bbox 319 562 496 654; x_wconf 76' lang='grc' dir='ltr'><strong><em>ταγμάτων</em></strong></span> <span class='ocrx_word' id='word_1_30' title='bbox 517 568 587 633; x_wconf 81' lang='grc' dir='ltr'><strong><em>τῶν</em></strong></span> <span class='ocrx_word' id='word_1_31' title='bbox 615 564 652 633; x_wconf 82' lang='grc' dir='ltr'><strong><em>έν</em></strong></span> <span class='ocrx_word' id='word_1_32' title='bbox 675 557 766 653; x_wconf 75' lang='grc' dir='ltr'><strong><em>ἀκμῇ</em></strong></span> <span class='ocrx_word' id='word_1_33' title='bbox 789 559 949 655; x_wconf 88' lang='grc' dir='ltr'><strong><em>στρατόν,</em></strong></span> <span class='ocrx_word' id='word_1_34' title='bbox 985 561 1123 653; x_wconf 81' lang='grc' dir='ltr'><strong><em>φύλακα</em></strong></span> <span class='ocrx_word' id='word_1_35' title='bbox 1188 564 1189 635; x_wconf 95' lang='lat'><strong><em>6</em></strong></span> 
     </span>
     <span class='ocr_line' id='line_1_6' title="bbox 113 663 1123 757; baseline -0.004 -18"><span class='ocrx_word' id='word_1_36' title='bbox 113 688 130 739; x_wconf 89' lang='grc'><strong>5</strong></span> <span class='ocrx_word' id='word_1_37' title='bbox 148 673 208 756; x_wconf 79' lang='grc' dir='ltr'><strong><em>τῆς</em></strong></span> <span class='ocrx_word' id='word_1_38' title='bbox 226 665 336 757; x_wconf 77' lang='grc' dir='ltr'><strong><em>χώρας</em></strong></span> <span class='ocrx_word' id='word_1_39' title='bbox 350 664 521 755; x_wconf 76' lang='grc' dir='ltr'><strong><em>ἐσόμενον,</em></strong></span> <span class='ocrx_word' id='word_1_40' title='bbox 559 674 593 735; x_wconf 82' lang='grc' dir='ltr'><strong><em>εὶ</em></strong></span> <span class='ocrx_word' id='word_1_41' title='bbox 602 692 653 747; x_wconf 82' lang='grc' dir='ltr'><strong><em>τις</em></strong></span> <span class='ocrx_word' id='word_1_42' title='bbox 672 667 768 756; x_wconf 83' lang='grc' dir='ltr'><strong><em>ἑτέρα</em></strong></span> <span class='ocrx_word' id='word_1_43' title='bbox 788 663 929 755; x_wconf 88' lang='grc' dir='ltr'><strong><em>δόναμις</em></strong></span> <span class='ocrx_word' id='word_1_44' title='bbox 950 672 1123 753; x_wconf 87' lang='grc' dir='ltr'><strong><em>πολεμίων</em></strong></span> 
     </span>
     <span class='ocr_line' id='line_1_7' title="bbox 150 763 1121 857; baseline -0.003 -18"><span class='ocrx_word' id='word_1_45' title='bbox 150 772 188 839; x_wconf 80' lang='grc' dir='ltr'><strong><em>ἐκ</em></strong></span> <span class='ocrx_word' id='word_1_46' title='bbox 205 771 266 839; x_wconf 82' lang='grc' dir='ltr'><strong><em>τοό</em></strong></span> <span class='ocrx_word' id='word_1_47' title='bbox 281 763 450 856; x_wconf 76' lang='grc' dir='ltr'><strong><em>ἀδοκήτου</em></strong></span> <span class='ocrx_word' id='word_1_48' title='bbox 468 773 609 857; x_wconf 83' lang='grc' dir='ltr'><strong><em>φανείη·</em></strong></span> <span class='ocrx_word' id='word_1_49' title='bbox 643 763 721 846; x_wconf 76' lang='grc' dir='ltr'><strong><em>τούς</em></strong></span> <span class='ocrx_word' id='word_1_50' title='bbox 739 766 778 837; x_wconf 85' lang='grc' dir='ltr'><strong><em>δὶ</em></strong></span> <span class='ocrx_word' id='word_1_51' title='bbox 790 764 877 855; x_wconf 71' lang='grc' dir='ltr'><strong><em>ὑπὲρ</em></strong></span> <span class='ocrx_word' id='word_1_52' title='bbox 889 764 949 838; x_wconf 85' lang='grc' dir='ltr'><strong><em>τόν</em></strong></span> <span class='ocrx_word' id='word_1_53' title='bbox 963 788 1121 855; x_wconf 83' lang='grc' dir='ltr'><strong><em>στρατια·</em></strong></span> 
     </span>
     <span class='ocr_line' id='line_1_8' title="bbox 149 859 1122 959; baseline -0.002 -18"><span class='ocrx_word' id='word_1_54' title='bbox 149 867 244 941; x_wconf 85' lang='grc' dir='ltr'><strong><em>τικόν</em></strong></span> <span class='ocrx_word' id='word_1_55' title='bbox 261 865 514 959; x_wconf 86' lang='grc' dir='ltr'><strong><em>κατάλογον,οὶ</em></strong></span> <span class='ocrx_word' id='word_1_56' title='bbox 477 897 529 951; x_wconf 89' lang='grc' dir='ltr'><strong><em>ος</em></strong></span> <span class='ocrx_word' id='word_1_57' title='bbox 546 875 594 938; x_wconf 80' lang='grc' dir='ltr'><strong><em>ἔτι</em></strong></span> <span class='ocrx_word' id='word_1_58' title='bbox 614 866 755 958; x_wconf 85' lang='grc' dir='ltr'><strong><em>δόναμις</em></strong></span> <span class='ocrx_word' id='word_1_59' title='bbox 772 859 817 956; x_wconf 77' lang='grc' dir='ltr'><strong><em>ἦν</em></strong></span> <span class='ocrx_word' id='word_1_60' title='bbox 834 867 949 939; x_wconf 87' lang='grc' dir='ltr'><strong><em>όπλων</em></strong></span> <span class='ocrx_word' id='word_1_61' title='bbox 960 865 1122 958; x_wconf 79' lang='grc' dir='ltr'><strong><em>χρήσεως,</em></strong></span> 
     </span>
     <span class='ocr_line' id='line_1_9' title="bbox 150 966 1189 1062; baseline -0.004 -20"><span class='ocrx_word' id='word_1_62' title='bbox 150 976 246 1042; x_wconf 82' lang='grc' dir='ltr'><strong><em>έν</em></strong></span> <span class='ocrx_word' id='word_1_63' title='bbox 205 1000 246 1060; x_wconf 87' lang='grc' dir='ltr'><strong><em>τη</em></strong></span> <span class='ocrx_word' id='word_1_64' title='bbox 265 969 360 1042; x_wconf 91' lang='grc' dir='ltr'><strong><em>πόλει</em></strong></span> <span class='ocrx_word' id='word_1_65' title='bbox 377 966 599 1042; x_wconf 83' lang='grc' dir='ltr'><strong><em>κατέλιπον”</em></strong></span> <span class='ocrx_word' id='word_1_66' title='bbox 577 998 681 1062; x_wconf 83' lang='grc' dir='ltr'><strong><em>ακρας</em></strong></span> <span class='ocrx_word' id='word_1_67' title='bbox 704 998 740 1039; x_wconf 89' lang='grc' dir='ltr'><strong><em>τε</em></strong></span> <span class='ocrx_word' id='word_1_68' title='bbox 764 973 820 1041; x_wconf 91' lang='grc' dir='ltr'><strong><em>καὶ</em></strong></span> <span class='ocrx_word' id='word_1_69' title='bbox 844 976 935 1061; x_wconf 91' lang='grc' dir='ltr'><strong><em>τείχη</em></strong></span> <span class='ocrx_word' id='word_1_70' title='bbox 954 967 1125 1058; x_wconf 80' lang='grc' dir='ltr'><strong><em>φυλάξον-</em></strong></span> <span class='ocrx_word' id='word_1_71' title='bbox 1188 974 1189 1003; x_wconf 63' lang='lat'>¹</span> 
     </span>
     <span class='ocr_line' id='line_1_10' title="bbox 149 1068 1189 1173; baseline 0.002 -32"><span class='ocrx_word' id='word_1_72' title='bbox 149 1100 218 1154; x_wconf 87' lang='grc' dir='ltr'><strong><em>τας.</em></strong></span> <span class='ocrx_word' id='word_1_73' title='bbox 255 1068 437 1160; x_wconf 77' lang='grc' dir='ltr'><strong><em>ἀγαγόντες</em></strong></span> <span class='ocrx_word' id='word_1_74' title='bbox 464 1073 502 1142; x_wconf 71' lang='grc' dir='ltr'><strong><em>δέ</em></strong></span> <span class='ocrx_word' id='word_1_75' title='bbox 519 1080 663 1161; x_wconf 88' lang='grc' dir='ltr'><strong><em>πλησίον</em></strong></span> <span class='ocrx_word' id='word_1_76' title='bbox 680 1076 739 1161; x_wconf 78' lang='grc' dir='ltr'><strong><em>τῆς</em></strong></span> <span class='ocrx_word' id='word_1_77' title='bbox 758 1069 976 1145; x_wconf 79' lang='grc' dir='ltr'><strong><em>Οὐιεντανῶν</em></strong></span> <span class='ocrx_word' id='word_1_78' title='bbox 993 1072 1124 1154; x_wconf 90' lang='grc' dir='ltr'><strong><em>πόλεως</em></strong></span> <span class='ocrx_word' id='word_1_79' title='bbox 1188 1080 1189 1173; x_wconf 80' lang='lat'><strong><em>6</em></strong></span> 
     </span>
     <span class='ocr_line' id='line_1_11' title="bbox 101 1170 1189 1265; baseline 0.001 -21"><span class='ocrx_word' id='word_1_80' title='bbox 101 1196 134 1245; x_wconf 93' lang='lat'><strong><em>10</em></strong></span> <span class='ocrx_word' id='word_1_81' title='bbox 151 1171 210 1255; x_wconf 82' lang='grc' dir='ltr'><strong><em>τοὶς</em></strong></span> <span class='ocrx_word' id='word_1_82' title='bbox 229 1170 400 1263; x_wconf 77' lang='grc' dir='ltr'><strong><em>δυνάμεις,</em></strong></span> <span class='ocrx_word' id='word_1_83' title='bbox 418 1175 790 1265; x_wconf 76' lang='grc' dir='ltr'><strong><em>κατεστρατοπέδευσαν</em></strong></span> <span class='ocrx_word' id='word_1_84' title='bbox 809 1177 863 1245; x_wconf 79' lang='grc' dir='ltr'><strong><em>ἐπὶ</em></strong></span> <span class='ocrx_word' id='word_1_85' title='bbox 886 1171 1001 1263; x_wconf 82' lang='grc' dir='ltr'><strong><em>λόφοις</em></strong></span> <span class='ocrx_word' id='word_1_86' title='bbox 1023 1176 1125 1245; x_wconf 90' lang='grc' dir='ltr'><strong><em>δυσὶν</em></strong></span> <span class='ocrx_word' id='word_1_87' title='bbox 1188 1218 1189 1245; x_wconf 86' lang='lat'><strong><em>6</em></strong></span> 
     </span>
     <span class='ocr_line' id='line_1_12' title="bbox 149 1266 1163 1366; baseline 0.007 -21"><span class='ocrx_word' id='word_1_88' title='bbox 149 1272 191 1345; x_wconf 85' lang='lat'><strong><em>06</em></strong></span> <span class='ocrx_word' id='word_1_89' title='bbox 206 1273 339 1366; x_wconf 87' lang='grc' dir='ltr'><strong><em>μακράν</em></strong></span> <span class='ocrx_word' id='word_1_90' title='bbox 357 1272 583 1365; x_wconf 82' lang='grc' dir='ltr'><strong><em>ἀφεστηκόσιν</em></strong></span> <span class='ocrx_word' id='word_1_91' title='bbox 595 1272 654 1347; x_wconf 89' lang='grc' dir='ltr'><strong><em>ἀπ’</em></strong></span> <span class='ocrx_word' id='word_1_92' title='bbox 682 1272 845 1365; x_wconf 79' lang='grc' dir='ltr'><strong><em>ἀλλήλων.</em></strong></span> <span class='ocrx_word' id='word_1_93' title='bbox 888 1266 931 1365; x_wconf 76' lang='grc' dir='ltr'><strong><em>ἦν</em></strong></span> <span class='ocrx_word' id='word_1_94' title='bbox 958 1276 996 1346; x_wconf 72' lang='grc' dir='ltr'><strong><em>δὲ</em></strong></span> <span class='ocrx_word' id='word_1_95' title='bbox 1021 1271 1122 1346; x_wconf 87' lang='grc' dir='ltr'><strong><em>καὶ</em></strong></span> <span class='ocrx_word' id='word_1_96' title='bbox 1103 1303 1163 1366; x_wconf 89' lang='grc' dir='ltr'><strong><em>η17</em></strong></span> 
     </span>
     <span class='ocr_line' id='line_1_13' title="bbox 147 1374 1124 1469; baseline 0.002 -22"><span class='ocrx_word' id='word_1_97' title='bbox 147 1379 217 1447; x_wconf 76' lang='grc' dir='ltr'><strong><em>τῶν</em></strong></span> <span class='ocrx_word' id='word_1_98' title='bbox 240 1384 410 1466; x_wconf 88' lang='grc' dir='ltr'><strong><em>πολεμίων</em></strong></span> <span class='ocrx_word' id='word_1_99' title='bbox 435 1376 577 1468; x_wconf 82' lang='grc' dir='ltr'><strong><em>δύναμις</em></strong></span> <span class='ocrx_word' id='word_1_100' title='bbox 604 1380 882 1469; x_wconf 77' lang='grc' dir='ltr'><strong><em>ἐξεστρατευμένη</em></strong></span> <span class='ocrx_word' id='word_1_101' title='bbox 901 1374 1043 1468; x_wconf 78' lang='grc' dir='ltr'><strong><em>πρὸτῆς</em></strong></span> <span class='ocrx_word' id='word_1_102' title='bbox 1061 1375 1124 1449; x_wconf 92' lang='grc' dir='ltr'><strong><em>πό-</em></strong></span> 
     </span>
     <span class='ocr_line' id='line_1_14' title="bbox 148 1476 1189 1571; baseline 0.002 -23"><span class='ocrx_word' id='word_1_103' title='bbox 148 1487 234 1562; x_wconf 85' lang='grc' dir='ltr'><strong><em>λεως</em></strong></span> <span class='ocrx_word' id='word_1_104' title='bbox 252 1476 360 1568; x_wconf 83' lang='grc' dir='ltr'><strong><em>πολλή</em></strong></span> <span class='ocrx_word' id='word_1_105' title='bbox 383 1506 419 1551; x_wconf 89' lang='grc' dir='ltr'><strong><em>τε</em></strong></span> <span class='ocrx_word' id='word_1_106' title='bbox 443 1482 498 1550; x_wconf 89' lang='grc' dir='ltr'><strong><em>καὶ</em></strong></span> <span class='ocrx_word' id='word_1_107' title='bbox 520 1477 645 1570; x_wconf 81' lang='grc' dir='ltr'><strong><em>ἀγαθή.</em></strong></span> <span class='ocrx_word' id='word_1_108' title='bbox 699 1478 976 1569; x_wconf 76' lang='grc' dir='ltr'><strong><em>συνεληλύθεσαν</em></strong></span> <span class='ocrx_word' id='word_1_109' title='bbox 998 1477 1064 1571; x_wconf 79' lang='grc' dir='ltr'><strong><em>γὰρ</em></strong></span> <span class='ocrx_word' id='word_1_110' title='bbox 1091 1484 1123 1563; x_wconf 81' lang='grc' dir='ltr'><strong><em>ἐξ</em></strong></span> <span class='ocrx_word' id='word_1_111' title='bbox 1188 1490 1189 1499; x_wconf 59' lang='lat'><em>²</em></span> 
     </span>
     <span class='ocr_line' id='line_1_15' title="bbox 149 1578 1124 1673; baseline 0.001 -22"><span class='ocrx_word' id='word_1_112' title='bbox 149 1578 279 1670; x_wconf 84' lang='grc' dir='ltr'><strong><em>ἆπάσης</em></strong></span> <span class='ocrx_word' id='word_1_113' title='bbox 318 1589 507 1673; x_wconf 77' lang='grc' dir='ltr'><strong><em>Τυρρηνίας</em></strong></span> <span class='ocrx_word' id='word_1_114' title='bbox 536 1586 571 1652; x_wconf 89' lang='grc' dir='ltr'><strong><em>οί</em></strong></span> <span class='ocrx_word' id='word_1_115' title='bbox 605 1580 831 1653; x_wconf 72' lang='grc' dir='ltr'><strong><em>δυνατώτατοι</em></strong></span> <span class='ocrx_word' id='word_1_116' title='bbox 870 1580 949 1663; x_wconf 74' lang='grc' dir='ltr'><strong><em>τοὺς</em></strong></span> <span class='ocrx_word' id='word_1_117' title='bbox 974 1582 1124 1652; x_wconf 72' lang='grc' dir='ltr'><strong><em>’ἑαυτῶν</em></strong></span> 
     </span>
     <span class='ocr_line' id='line_1_16' title="bbox 99 1677 1125 1773; baseline 0.008 -26"><span class='ocrx_word' id='word_1_118' title='bbox 99 1694 133 1747; x_wconf 99' lang='grc'><strong><em>15</em></strong></span> <span class='ocrx_word' id='word_1_119' title='bbox 152 1685 313 1765; x_wconf 73' lang='grc' dir='ltr'><strong><em>πενέστας</em></strong></span> <span class='ocrx_word' id='word_1_120' title='bbox 339 1681 557 1773; x_wconf 82' lang='grc' dir='ltr'><strong><em>ἐπαγόμενοι,</em></strong></span> <span class='ocrx_word' id='word_1_121' title='bbox 593 1685 649 1753; x_wconf 88' lang='grc' dir='ltr'><strong><em>καὶ</em></strong></span> <span class='ocrx_word' id='word_1_122' title='bbox 685 1686 816 1772; x_wconf 85' lang='grc' dir='ltr'><strong><em>έγένετο</em></strong></span> <span class='ocrx_word' id='word_1_123' title='bbox 850 1688 910 1755; x_wconf 78' lang='grc' dir='ltr'><strong><em>τοῦ</em></strong></span> <span class='ocrx_word' id='word_1_124' title='bbox 940 1677 1125 1773; x_wconf 77' lang='grc' dir='ltr'><strong><em>Ῥωμαικοῦ</em></strong></span> 
     </span>
     <span class='ocr_line' id='line_1_17' title="bbox 149 1780 1189 1881; baseline 0.001 -27"><span class='ocrx_word' id='word_1_125' title='bbox 149 1788 293 1874; x_wconf 78' lang='grc' dir='ltr'><strong><em>στρατοῦ</em></strong></span> <span class='ocrx_word' id='word_1_126' title='bbox 316 1794 429 1875; x_wconf 77' lang='grc' dir='ltr'><strong><em>μεῖζον</em></strong></span> <span class='ocrx_word' id='word_1_127' title='bbox 453 1782 492 1856; x_wconf 85' lang='grc' dir='ltr'><strong><em>τό</em></strong></span> <span class='ocrx_word' id='word_1_128' title='bbox 520 1780 730 1877; x_wconf 85' lang='grc' dir='ltr'><strong><em>Ῥυρρηυικδν</em></strong></span> <span class='ocrx_word' id='word_1_129' title='bbox 754 1784 819 1857; x_wconf 78' lang='grc' dir='ltr'><strong><em>οὐκ</em></strong></span> <span class='ocrx_word' id='word_1_130' title='bbox 842 1782 954 1881; x_wconf 80' lang='grc' dir='ltr'><strong><em>όλίγφ.</em></strong></span> <span class='ocrx_word' id='word_1_131' title='bbox 991 1800 1062 1867; x_wconf 83' lang='grc' dir='ltr'><strong><em>τοῖς</em></strong></span> <span class='ocrx_word' id='word_1_132' title='bbox 1087 1784 1120 1855; x_wconf 92' lang='grc' dir='ltr'><strong><em>δ’</em></strong></span> <span class='ocrx_word' id='word_1_133' title='bbox 1188 1804 1189 1867; x_wconf 82' lang='lat'><strong><em>6</em></strong></span> 
     </span>
     <span class='ocr_line' id='line_1_18' title="bbox 130 1881 1189 1978; baseline 0.007 -27"><span class='ocrx_word' id='word_1_134' title='bbox 130 1884 288 1968; x_wconf 79' lang='grc' dir='ltr'><strong><em>,ὑπάτοις</em></strong></span> <span class='ocrx_word' id='word_1_135' title='bbox 316 1885 354 1958; x_wconf 91' lang='grc' dir='ltr'><strong><em>τό</em></strong></span> <span class='ocrx_word' id='word_1_136' title='bbox 373 1914 409 1958; x_wconf 87' lang='grc' dir='ltr'><strong><em>τε</em></strong></span> <span class='ocrx_word' id='word_1_137' title='bbox 435 1891 565 1976; x_wconf 79' lang='grc' dir='ltr'><strong><em>πλῆθος</em></strong></span> <span class='ocrx_word' id='word_1_138' title='bbox 590 1881 694 1978; x_wconf 76' lang='grc' dir='ltr'><strong><em>ὁρῶσι</em></strong></span> <span class='ocrx_word' id='word_1_139' title='bbox 711 1893 781 1960; x_wconf 74' lang='grc' dir='ltr'><strong><em>τῶν</em></strong></span> <span class='ocrx_word' id='word_1_140' title='bbox 798 1895 967 1978; x_wconf 84' lang='grc' dir='ltr'><strong><em>πολεμίων</em></strong></span> <span class='ocrx_word' id='word_1_141' title='bbox 985 1890 1042 1958; x_wconf 86' lang='grc' dir='ltr'><strong><em>καὶ</em></strong></span> <span class='ocrx_word' id='word_1_142' title='bbox 1059 1885 1123 1978; x_wconf 78' lang='grc' dir='ltr'><strong><em>τὴν</em></strong></span> <span class='ocrx_word' id='word_1_143' title='bbox 1188 1884 1189 1944; x_wconf 68' lang='lat'><strong><em>6</em></strong></span> 
     </span>
     <span class='ocr_line' id='line_1_19' title="bbox 148 1985 1189 2081; baseline 0.004 -25"><span class='ocrx_word' id='word_1_144' title='bbox 148 1985 362 2076; x_wconf 88' lang='grc' dir='ltr'><strong><em>λαμπρότητα</em></strong></span> <span class='ocrx_word' id='word_1_145' title='bbox 378 1991 447 2058; x_wconf 78' lang='grc' dir='ltr'><strong><em>των</em></strong></span> <span class='ocrx_word' id='word_1_146' title='bbox 464 1985 579 2059; x_wconf 81' lang='grc' dir='ltr'><strong><em>ὅπλων</em></strong></span> <span class='ocrx_word' id='word_1_147' title='bbox 596 1988 682 2060; x_wconf 86' lang='grc' dir='ltr'><strong><em>πολδ</em></strong></span> <span class='ocrx_word' id='word_1_148' title='bbox 701 1991 775 2072; x_wconf 89' lang='grc' dir='ltr'><strong><em>δέος</em></strong></span> <span class='ocrx_word' id='word_1_149' title='bbox 794 1993 946 2081; x_wconf 81' lang='grc' dir='ltr'><strong><em>ἐνέπεσε,</em></strong></span> <span class='ocrx_word' id='word_1_150' title='bbox 976 1988 1023 2080; x_wconf 81' lang='grc' dir='ltr'><strong><em>μή</em></strong></span> <span class='ocrx_word' id='word_1_151' title='bbox 1041 2016 1122 2060; x_wconf 89' lang='grc' dir='ltr'><strong><em>ποτε</em></strong></span> <span class='ocrx_word' id='word_1_152' title='bbox 1188 2003 1189 2026; x_wconf 52' lang='lat'>6</span> 
     </span>
     <span class='ocr_line' id='line_1_20' title="bbox 148 2085 1121 2183; baseline 0.008 -28"><span class='ocrx_word' id='word_1_153' title='bbox 148 2085 211 2176; x_wconf 82' lang='grc' dir='ltr'><strong><em>οὐχ</em></strong></span> <span class='ocrx_word' id='word_1_154' title='bbox 235 2089 345 2158; x_wconf 84' lang='grc' dir='ltr'><strong><em>ίκανοὶ</em></strong></span> <span class='ocrx_word' id='word_1_155' title='bbox 362 2090 525 2177; x_wconf 80' lang='grc' dir='ltr'><strong><em>γένωνται</em></strong></span> <span class='ocrx_word' id='word_1_156' title='bbox 544 2089 766 2183; x_wconf 75' lang='grc' dir='ltr'><strong><em>στασιαζούσῃ</em></strong></span> <span class='ocrx_word' id='word_1_157' title='bbox 794 2090 936 2182; x_wconf 84' lang='grc' dir='ltr'><strong><em>δυνάμει</em></strong></span> <span class='ocrx_word' id='word_1_158' title='bbox 958 2096 1000 2183; x_wconf 78' lang='grc' dir='ltr'><strong><em>τῇ</em></strong></span> <span class='ocrx_word' id='word_1_159' title='bbox 1037 2112 1121 2180; x_wconf 82' lang='grc' dir='ltr'><strong><em>σφε·</em></strong></span> 
     </span>
     <span class='ocr_line' id='line_1_21' title="bbox 96 2187 1122 2284; baseline 0.001 -22"><span class='ocrx_word' id='word_1_160' title='bbox 96 2212 130 2262; x_wconf 77' lang='lat'><strong><em>20</em></strong></span> <span class='ocrx_word' id='word_1_161' title='bbox 147 2190 227 2282; x_wconf 78' lang='grc' dir='ltr'><strong><em>τέρᾳ</em></strong></span> <span class='ocrx_word' id='word_1_162' title='bbox 244 2187 328 2279; x_wconf 83' lang='grc' dir='ltr'><strong><em>πρὸς</em></strong></span> <span class='ocrx_word' id='word_1_163' title='bbox 345 2188 555 2280; x_wconf 75' lang='grc' dir='ltr'><strong><em>ὁμονοοῦσαν</em></strong></span> <span class='ocrx_word' id='word_1_164' title='bbox 579 2190 642 2281; x_wconf 77' lang='grc' dir='ltr'><strong><em>τὴν</em></strong></span> <span class='ocrx_word' id='word_1_165' title='bbox 660 2195 729 2264; x_wconf 75' lang='grc' dir='ltr'><strong><em>τῶν</em></strong></span> <span class='ocrx_word' id='word_1_166' title='bbox 752 2201 921 2284; x_wconf 88' lang='grc' dir='ltr'><strong><em>πολεμίων</em></strong></span> <span class='ocrx_word' id='word_1_167' title='bbox 944 2189 1122 2277; x_wconf 81' lang='grc' dir='ltr'><strong><em>ἀντιταξό-</em></strong></span> 
     </span>
     <span class='ocr_line' id='line_1_22' title="bbox 146 2286 1122 2388; baseline 0.006 -28"><span class='ocrx_word' id='word_1_168' title='bbox 146 2286 526 2384; x_wconf 73' lang='grc' dir='ltr'><strong><em>μευοιδπερβαλέσθαι·</em></strong></span> <span class='ocrx_word' id='word_1_169' title='bbox 545 2291 655 2366; x_wconf 78' lang='grc' dir='ltr'><strong><em>ἐδόκει</em></strong></span> <span class='ocrx_word' id='word_1_170' title='bbox 672 2322 708 2365; x_wconf 89' lang='grc' dir='ltr'><strong><em>τε</em></strong></span> <span class='ocrx_word' id='word_1_171' title='bbox 720 2293 834 2378; x_wconf 83' lang='grc' dir='ltr'><strong><em>αὐτολς</em></strong></span> <span class='ocrx_word' id='word_1_172' title='bbox 854 2297 1122 2388; x_wconf 79' lang='grc' dir='ltr'><strong><em>ἐχυρωσαμένοις</em></strong></span> 
     </span>
     <span class='ocr_line' id='line_1_23' title="bbox 144 2391 1119 2522; baseline 0.007 -60"><span class='ocrx_word' id='word_1_173' title='bbox 144 2391 186 2462; x_wconf 88' lang='grc' dir='ltr'><strong><em>τά</em></strong></span> <span class='ocrx_word' id='word_1_174' title='bbox 221 2392 430 2483; x_wconf 85' lang='grc' dir='ltr'><strong><em>στρατόπεδα</em></strong></span> <span class='ocrx_word' id='word_1_175' title='bbox 457 2402 586 2486; x_wconf 86' lang='grc' dir='ltr'><strong><em>τρίβειν</em></strong></span> <span class='ocrx_word' id='word_1_176' title='bbox 617 2393 677 2468; x_wconf 84' lang='grc' dir='ltr'><strong><em>τόν</em></strong></span> <span class='ocrx_word' id='word_1_177' title='bbox 678 2394 851 2522; x_wconf 88' lang='grc' dir='ltr'><strong><em>πόλεμον</em></strong></span> <span class='ocrx_word' id='word_1_178' title='bbox 875 2401 1119 2488; x_wconf 81' lang='grc' dir='ltr'><strong><em>ἐκδεχομένοις,</em></strong></span> 
     </span>
     <span class='ocr_line' id='line_1_24' title="bbox 146 2494 1189 2590; baseline 0.006 -26"><span class='ocrx_word' id='word_1_179' title='bbox 146 2505 181 2564; x_wconf 89' lang='grc' dir='ltr'><strong><em>εί</em></strong></span> <span class='ocrx_word' id='word_1_180' title='bbox 209 2521 286 2565; x_wconf 89' lang='grc' dir='ltr'><strong><em>τινα</em></strong></span> <span class='ocrx_word' id='word_1_181' title='bbox 321 2496 423 2570; x_wconf 90' lang='grc' dir='ltr'><strong><em>δωσει</em></strong></span> <span class='ocrx_word' id='word_1_182' title='bbox 446 2494 686 2582; x_wconf 84' lang='grc' dir='ltr'><strong><em>πλεονεξίας’</em></strong></span> <span class='ocrx_word' id='word_1_183' title='bbox 667 2497 823 2590; x_wconf 79' lang='grc' dir='ltr'><strong><em>ἀφορμὴν</em></strong></span> <span class='ocrx_word' id='word_1_184' title='bbox 846 2498 960 2582; x_wconf 71' lang='grc' dir='ltr'><strong><em>αὐτοῖς</em></strong></span> <span class='ocrx_word' id='word_1_185' title='bbox 989 2498 1027 2570; x_wconf 89' lang='grc' dir='ltr'><strong><em>τό</em></strong></span> <span class='ocrx_word' id='word_1_186' title='bbox 1051 2528 1122 2570; x_wconf 92' lang='grc' dir='ltr'><strong><em>των</em></strong></span> <span class='ocrx_word' id='word_1_187' title='bbox 1188 2511 1189 2590; x_wconf 91' lang='lat'>6</span> 
     </span>
     <span class='ocr_line' id='line_1_25' title="bbox 145 2597 1189 2725; baseline 0.008 -60"><span class='ocrx_word' id='word_1_188' title='bbox 145 2603 314 2685; x_wconf 88' lang='grc' dir='ltr'><strong><em>πολεμίων</em></strong></span> <span class='ocrx_word' id='word_1_189' title='bbox 339 2597 467 2689; x_wconf 76' lang='grc' dir='ltr'><strong><em>δρόσος</em></strong></span> <span class='ocrx_word' id='word_1_190' title='bbox 490 2597 655 2725; x_wconf 78' lang='grc' dir='ltr'><strong><em>ἀλογίστῳ</em></strong></span> <span class='ocrx_word' id='word_1_191' title='bbox 679 2599 925 2692; x_wconf 79' lang='grc' dir='ltr'><strong><em>καταφρονήσει</em></strong></span> <span class='ocrx_word' id='word_1_192' title='bbox 957 2597 1189 2693; x_wconf 75' lang='grc' dir='ltr'><strong><em>έ.παρδέν</em></strong></span> 
     </span>
     <span class='ocr_line' id='line_1_26' title="bbox 93 2690 1189 2794; baseline 0.008 -30"><span class='ocrx_word' id='word_1_193' title='bbox 93 2708 128 2759; x_wconf 76' lang='grc'><strong><em>26</em></strong></span> <span class='ocrx_word' id='word_1_194' title='bbox 145 2690 381 2788; x_wconf 81' lang='grc' dir='ltr'><strong><em>ἀκροβολισμοὶ</em></strong></span> <span class='ocrx_word' id='word_1_195' title='bbox 409 2696 452 2789; x_wconf 79' lang='grc' dir='ltr'><strong><em>δὴ</em></strong></span> <span class='ocrx_word' id='word_1_196' title='bbox 480 2701 562 2789; x_wconf 89' lang='grc' dir='ltr'><strong><em>μετά</em></strong></span> <span class='ocrx_word' id='word_1_197' title='bbox 584 2705 681 2774; x_wconf 82' lang='grc' dir='ltr'><strong><em>τοῦτο</em></strong></span> <span class='ocrx_word' id='word_1_198' title='bbox 706 2720 858 2794; x_wconf 83' lang='grc' dir='ltr'><strong><em>συνεχεῖς</em></strong></span> <span class='ocrx_word' id='word_1_199' title='bbox 878 2707 1028 2792; x_wconf 84' lang='grc' dir='ltr'><strong><em>ἐγίνοντο</em></strong></span> <span class='ocrx_word' id='word_1_200' title='bbox 1063 2706 1189 2778; x_wconf 90' lang='grc' dir='ltr'><strong><em>καὶ</em></strong></span> 
     </span>
     <span class='ocr_line' id='line_1_27' title="bbox 143 2800 1189 2911; baseline 0.011 -46"><span class='ocrx_word' id='word_1_201' title='bbox 143 2800 253 2880; x_wconf 79' lang='grc' dir='ltr'><strong><em>φιλωυ</em></strong></span> <span class='ocrx_word' id='word_1_202' title='bbox 270 2803 459 2890; x_wconf 85' lang='grc' dir='ltr'><strong><em>συμπλοκαὶ</em></strong></span> <span class='ocrx_word' id='word_1_203' title='bbox 477 2809 646 2911; x_wconf 81' lang='grc' dir='ltr'><strong><em>βραχεῖαι,</em></strong></span> <span class='ocrx_word' id='word_1_204' title='bbox 662 2806 746 2895; x_wconf 84' lang='grc' dir='ltr'><strong><em>μέγα</em></strong></span> <span class='ocrx_word' id='word_1_205' title='bbox 758 2801 828 2876; x_wconf 59' lang='lat' dir='ltr'><strong><em>&amp;N</em></strong></span> <span class='ocrx_word' id='word_1_206' title='bbox 808 2833 829 2894; x_wconf 93' lang='grc' dir='ltr'><strong><em>η</em></strong></span> <span class='ocrx_word' id='word_1_207' title='bbox 843 2801 996 2895; x_wconf 87' lang='grc' dir='ltr'><strong><em>λαμπρόν</em></strong></span> <span class='ocrx_word' id='word_1_208' title='bbox 1014 2811 1117 2897; x_wconf 77' lang='grc' dir='ltr'><strong><em>ἔργον</em></strong></span> <span class='ocrx_word' id='word_1_209' title='bbox 1188 2803 1189 2808; x_wconf 8' lang='grc' dir='ltr'>ἵ</span> 
     </span>
     <span class='ocr_line' id='line_1_28' title="bbox 5 2896 1189 2994; baseline 0.001 -23"><span class='ocrx_word' id='word_1_210' title='bbox 5 2964 6 2971; x_wconf 72' lang='grc'><strong><em>,</em></strong></span> <span class='ocrx_word' id='word_1_211' title='bbox 144 2896 255 2971; x_wconf 78' lang='grc' dir='ltr'><strong><em>οὐδέν.</em></strong></span> <span class='ocrx_word' id='word_1_212' title='bbox 1188 2925 1189 2994; x_wconf 72' lang='lat'><strong><em>6</em></strong></span> 
     </span>
     <span class='ocr_line' id='line_1_29' title="bbox 218 2979 1189 3130; baseline 0.007 -58.561"><span class='ocrx_word' id='word_1_213' title='bbox 218 3001 274 3073; x_wconf 85' lang='lat' dir='ltr'><strong><em>Vl.</em></strong></span> <span class='ocrx_word' id='word_1_214' title='bbox 310 3009 356 3075; x_wconf 74' lang='lat'><strong><em>06</em></strong></span> <span class='ocrx_word' id='word_1_215' title='bbox 384 3006 423 3075; x_wconf 79' lang='grc' dir='ltr'><strong><em>δὶ</em></strong></span> <span class='ocrx_word' id='word_1_216' title='bbox 457 3009 625 3130; x_wconf 69' lang='grc' dir='ltr'><strong><em>Τυρρηνοὶ</em></strong></span> <span class='ocrx_word' id='word_1_217' title='bbox 653 3005 835 3097; x_wconf 77' lang='grc' dir='ltr'><strong><em>ἀχθόμενοι</em></strong></span> <span class='ocrx_word' id='word_1_218' title='bbox 862 3011 907 3099; x_wconf 77' lang='grc' dir='ltr'><strong><em>τῇ</em></strong></span> <span class='ocrx_word' id='word_1_219' title='bbox 931 2979 1030 3100; x_wconf 75' lang='grc' dir='ltr'><strong><em>τριβῇ</em></strong></span> <span class='ocrx_word' id='word_1_220' title='bbox 1056 3011 1119 3080; x_wconf 76' lang='grc' dir='ltr'><strong><em>τον</em></strong></span> <span class='ocrx_word' id='word_1_221' title='bbox 1188 3009 1189 3060; x_wconf 87' lang='lat'><strong><em>6</em></strong></span> 
     </span>
     <span class='ocr_line' id='line_1_30' title="bbox 142 3103 1189 3200; baseline 0.009 -28.807"><span class='ocrx_word' id='word_1_222' title='bbox 142 3106 288 3192; x_wconf 86' lang='grc' dir='ltr'><strong><em>πολέμου</em></strong></span> <span class='ocrx_word' id='word_1_223' title='bbox 306 3112 436 3179; x_wconf 90' lang='grc' dir='ltr'><strong><em>δειλίαν</em></strong></span> <span class='ocrx_word' id='word_1_224' title='bbox 452 3135 488 3179; x_wconf 87' lang='grc' dir='ltr'><strong><em>τε</em></strong></span> <span class='ocrx_word' id='word_1_225' title='bbox 513 3103 686 3192; x_wconf 70' lang='grc' dir='ltr'><strong><em>ὠνείδιζον</em></strong></span> <span class='ocrx_word' id='word_1_226' title='bbox 703 3126 772 3190; x_wconf 76' lang='grc' dir='ltr'><strong><em>τοῖς</em></strong></span> <span class='ocrx_word' id='word_1_227' title='bbox 785 3107 908 3200; x_wconf 87' lang='grc' dir='ltr'><strong><em>Ρωμαί</em></strong></span> <span class='ocrx_word' id='word_1_228' title='bbox 906 3137 971 3199; x_wconf 87' lang='grc' dir='ltr'><strong><em>οις,</em></strong></span> <span class='ocrx_word' id='word_1_229' title='bbox 998 3107 1189 3198; x_wconf 80' lang='grc' dir='ltr'><strong><em>ἐπειδὴ</em></strong></span> <span class='ocrx_word' id='word_1_230' title='bbox 1127 3129 1189 3180; x_wconf 89' lang='grc'><strong><em>171</em></strong></span> 
     </span>
     <span class='ocr_line' id='line_1_31' title="bbox 90 3197 1115 3302; baseline 0.013 -33"><span class='ocrx_word' id='word_1_231' title='bbox 90 3214 125 3262; x_wconf 81' lang='lat'><strong><em>30</em></strong></span> <span class='ocrx_word' id='word_1_232' title='bbox 143 3197 206 3270; x_wconf 83' lang='grc' dir='ltr'><strong><em>οάκ</em></strong></span> <span class='ocrx_word' id='word_1_233' title='bbox 230 3202 368 3294; x_wconf 73' lang='grc' dir='ltr'><strong><em>ἐξῄεσαν</em></strong></span> <span class='ocrx_word' id='word_1_234' title='bbox 392 3215 439 3290; x_wconf 88' lang='grc' dir='ltr'><strong><em>είς</em></strong></span> <span class='ocrx_word' id='word_1_235' title='bbox 462 3207 587 3298; x_wconf 87' lang='grc' dir='ltr'><strong><em>μάχην,</em></strong></span> <span class='ocrx_word' id='word_1_236' title='bbox 620 3204 730 3279; x_wconf 92' lang='grc' dir='ltr'><strong><em>καὶ</em></strong></span> <span class='ocrx_word' id='word_1_237' title='bbox 707 3238 751 3291; x_wconf 85' lang='grc' dir='ltr'><strong><em>αις</em></strong></span> <span class='ocrx_word' id='word_1_238' title='bbox 782 3209 1115 3302; x_wconf 85' lang='grc' dir='ltr'><strong><em>παρακεχωρηκότων</em></strong></span> 
     </span>
     <span class='ocr_line' id='line_1_32' title="bbox 142 3299 1115 3403; baseline 0.012 -33"><span class='ocrx_word' id='word_1_239' title='bbox 142 3299 255 3373; x_wconf 78' lang='grc' dir='ltr'><strong><em>αὐτῶν</em></strong></span> <span class='ocrx_word' id='word_1_240' title='bbox 274 3311 427 3392; x_wconf 89' lang='grc' dir='ltr'><strong><em>σφίσι</em></strong></span> <span class='ocrx_word' id='word_1_241' title='bbox 388 3335 446 3396; x_wconf 86' lang='grc' dir='ltr'><strong><em>της</em></strong></span> <span class='ocrx_word' id='word_1_242' title='bbox 463 3305 639 3402; x_wconf 79' lang='grc' dir='ltr'><strong><em>ὑπαίθρου</em></strong></span> <span class='ocrx_word' id='word_1_243' title='bbox 656 3313 741 3400; x_wconf 88' lang='grc' dir='ltr'><strong><em>μέγα</em></strong></span> <span class='ocrx_word' id='word_1_244' title='bbox 760 3312 936 3403; x_wconf 79' lang='grc' dir='ltr'><strong><em>ἐφρόνουν.</em></strong></span> <span class='ocrx_word' id='word_1_245' title='bbox 992 3315 1050 3382; x_wconf 87' lang='grc' dir='ltr'><strong><em>καὶ</em></strong></span> <span class='ocrx_word' id='word_1_246' title='bbox 1068 3319 1115 3382; x_wconf 83' lang='grc' dir='ltr'><strong><em>ἔτι</em></strong></span> 
     </span>
     <span class='ocr_line' id='line_1_33' title="bbox 142 3403 1115 3500; baseline 0.013 -30"><span class='ocrx_word' id='word_1_247' title='bbox 142 3405 270 3488; x_wconf 78' lang='grc' dir='ltr'><strong><em>μᾶλλον</em></strong></span> <span class='ocrx_word' id='word_1_248' title='bbox 306 3403 505 3496; x_wconf 78' lang='grc' dir='ltr'><strong><em>ἐπηρδησαν</em></strong></span> <span class='ocrx_word' id='word_1_249' title='bbox 539 3417 587 3490; x_wconf 87' lang='grc' dir='ltr'><strong><em>είς</em></strong></span> <span class='ocrx_word' id='word_1_250' title='bbox 622 3409 813 3500; x_wconf 82' lang='grc' dir='ltr'><strong><em>ὑπεροψίαν</em></strong></span> <span class='ocrx_word' id='word_1_251' title='bbox 838 3417 899 3484; x_wconf 78' lang='grc' dir='ltr'><strong><em>που</em></strong></span> <span class='ocrx_word' id='word_1_252' title='bbox 927 3408 1115 3484; x_wconf 76' lang='grc' dir='ltr'><strong><em>ἀντιπάλου</em></strong></span> 
     </span>
    </p>
   </div>
   <div class='ocr_carea' id='block_1_3' title="bbox 0 0 1196 3850">
    <p class='ocr_par' dir='ltr' id='par_1_3' title="bbox 0 0 1196 3850">
     <span class='ocr_line' id='line_1_34' title="bbox 0 0 1196 3850; baseline 0 0"><span class='ocrx_word' id='word_1_253' title='bbox 0 0 1196 3850; x_wconf 95' lang='lat' dir='ltr'><strong><em> </em></strong></span> 
     </span>
    </p>
   </div>
  </div>
 </body>
</html>
