2384 3850
392 51 704 170 v-ffi-
1024 111 1088 176 309

111 277 151 352 τό
174 282 282 363 τέλος·
310 286 345 351 οί
367 281 403 352 δὲ
426 281 492 353 σὺν
513 285 562 378 τῷ
584 288 729 377 Κοιντίῳ
752 282 1013 375 στρατεύσαντες
1033 289 1093 358 ἐπί

111 409 150 453 τε
170 392 202 453 A
203 378 338 465 ίκανοδς
355 385 411 454 καὶ
437 381 689 466 Οὐολούσκους·
718 384 999 475 συνεληλύθεσαν
1021 385 1086 479 γαρ

113 490 164 565 είς
193 481 253 554 τδν
279 479 384 557 αὐτόν
408 483 512 557 τόπον
535 481 617 569 ἐξ’
597 487 796 577 αμφοτέρων
818 489 887 558 τῶν
916 490 1030 560 ἐθνων
1054 495 1090 560 οί

112 582 422 711 προαγωνφόμενοι
438 614 507 658 των
524 584 654 676 ἄλλων,
678 590 735 659 καὶ
752 584 817 678 πρό
834 592 893 675 τῆς
907 583 1088 661 Ἀντιατων

18 709 103 764 1902
113 684 243 769 πόλεως
261 682 685 778 αντεστρατοπεδεόσαντο
713 687 840 814 θᾶττομ
857 717 878 778 η
862 683 1007 780 βάδην
1023 719 1086 780 χω·
1105 714 1121 762 5

111 789 251 880 ροῦντες
282 791 514 917 ἐπιφαίνονται
545 787 675 873 αὐτοῖς
703 794 759 862 καὶ
788 786 830 862 06
853 787 961 862 πολδν
984 789 1088 863 τόπον

110 893 174 960 τοῦ
191 887 336 981 χάρακος
354 886 466 964 αότων
482 890 702 983 αποσχόντες,
722 882 804 964 ἐν
776 921 803 988 φ
821 898 955 983 πρῶτον
967 890 1088 1018 ωφθη-

112 988 180 1063 σάν
197 1017 232 1061 τε
249 994 306 1113 κμλ
333 991 425 1064 εἶδον
448 997 599 1076 ἐκείνους
623 999 736 1118 χωρίφ
759 995 907 1088 ταπεινῷ
930 991 1003 1065 ὄντι
1028 994 1087 1077 τὰς

110 1085 304 1176 ἀποσκευὰς
336 1101 478 1220 ἔθεντο,
499 1099 558 1167 τοῦ
588 1092 635 1185 μὴ
661 1097 850 1168 δεδοικέναι
875 1091 917 1165 τοὶ
946 1097 1087 1186 πολέμια

110 1191 239 1283 πλήθει
255 1199 372 1291 μακρῷ
373 1193 587 1320 ,πρμόχοντα
597 1196 699 1281 δόξαν
722 1201 860 1288 ποιησαι
876 1196 1085 1288 βουλόμενοι.
1107 1219 1138 1268 10

111 1323 160 1376 ως
183 1293 216 1365 δ
242 1295 387 1388 εὐτρεπῆ
408 1295 448 1368 τοὶ
472 1304 519 1382 είς
542 1327 653 1389 μαχην
681 1294 899 1423 έκατέροις”
876 1325 1009 1370 απαυτα
1031 1290 1086 1388 ἦν,

112 1393 254 1487 ἐξῄεσαν
273 1405 320 1480 είς
342 1428 378 1469 το
370 1396 533 1488 πεδίον,
564 1402 621 1470 καὶ
640 1398 867 1490 συμπεσόντες
884 1394 1086 1487 ἠγωνίζοντο

109 1499 227 1670 μίχριέ
230 1497 396 1590 μεσούσης
414 1495 603 1626 ἡμέρας”
560 1527 639 1572 ουτε
662 1512 808 1584 είκοντες
830 1515 901 1581 τοῖς
918 1506 1087 1589 πολεμίοις

111 1628 191 1670 οντε
211 1603 455 1691 ἐπιβαίνοντες,
479 1599 535 1674 σἰεί
554 1629 592 1672 τε
614 1599 652 1673 τό
669 1600 798 1693 κάμνον
814 1599 948 1692 μέρος’
930 1607 1087 1672 ανισοῦν-

110 1729 166 1784 τες
183 1718 253 1786 τοϊς
271 1704 326 1774 ἐπὶ
342 1719 415 1785 ταῖς
433 1706 624 1796 ἐφεδρείαις
641 1707 853 1794 τεταγμένοις
868 1700 1029 1792 έιαίτεροι.
1050 1706 1088 1772 ἐν
1105 1725 1138 1773 15

111 1803 153 1874 δὲ
169 1801 276 1899 τοότφ
293 1803 436 1895 μάλιστα
453 1811 489 1876 οί
503 1808 647 1876 Αἰκανοί
664 1808 721 1876 καί
738 1801 945 1876 Οὐολοῦσκοι
962 1801 1088 1892 πλήθει

110 1909 182 1977 τῶν
208 1900 377 1997 Ῥωμαίων
407 1903 611 1999 προῦχοντες
641 1902 808 2000 ἀνέφερον
830 1908 887 1978 καί
910 1907 1087 1998 περιῆσαν,

110 2010 182 2078 τοῖν
208 2016 378 2099 πολεμίων
408 2005 473 2079 οὐκ
504 2007 650 2099 ἐχόντων
680 2019 755 2081 ίσον
784 2015 826 2101 τῇ
853 2014 1028 2103 προθυμία
1050 2004 1088 2076 τδ

112 2110 253 2198 πλῆθος.
307 2106 325 2180 6
353 2110 391 2181 δέ
414 2120 570 2195 Κοίντιος
601 2106 691 2203 ὅρων
713 2109 856 2204 νεκροός
884 2139 920 2182 τε
945 2105 1088 2189 πολλοὺς

110 2213 183 2281 των
213 2214 386 2303 σφετέρων
427 2215 482 2282 καί
519 2216 588 2283 τοῖν
617 2211 803 2303 περιόντων
836 2209 913 2293 τοός
948 2216 1086 2291 πλείους
1104 2230 1139 2279 20

111 2319 330 2402 τραυματίας,
346 2314 505 2404 ἐμέλλησε
522 2312 584 2403 μέν
598 2310 841 2385 ἀνακαλεῖσθαι
853 2310 916 2400 τὴν
931 2310 1088 2400 δυ’ναμιν,

114 2419 230 2495 δείσας
256 2415 294 2484 δέ
316 2412 362 2503 μὴ
386 2414 489 2499 δόξαν
511 2436 667 2506 παρασχη
689 2428 759 2496 τοῖς
783 2418 952 2502 πολεμίοις
977 2413 1089 2501 φυγῆς

30 2516 446 2604 1903παρακινδννεντέον
464 2538 511 2606 σφ
514 2522 583 2587 ίσιν
514 2515 689 2587 ίείναι
707 2522 803 2605 ἔγνω
858 2511 1089 2603 ἐπιλεξάμενος

115 2616 169 2687 δέ
175 2620 245 2687 τῶν
268 2619 398 2689 ίππέων
425 2615 504 2700 τοδς
531 2624 728 2709 κρατίστους
758 2614 841 2687 κατὰ
864 2613 911 2697 τὸ
927 2604 1089 2706 δεξιὸν
1060 2642 1087 2681 ω

113 2714 259 2807 μάλιστα
276 2724 421 2809 ἔκαμνον
437 2734 507 2801 τοϊς
524 2720 698 2845 σφετέροις
715 2716 931 2812 παρεβοήθει.
975 2713 1084 2786 καὶ
1047 2743 1089 2784 τα
1107 2734 1140 2782 25

114 2818 177 2907 μέν
195 2822 355 2910 ἐπιτιμων
372 2837 441 2902 τοῖς
458 2819 620 2910 ἡγεμόσιν
632 2818 746 2905 αὐτοῖς
765 2825 823 2911 τῆς
836 2816 1032 2940 ἀνανδρίας,
1050 2844 1091 2887 τα

114 2848 150 2990 6'
169 2914 435 3011 ὑπομιμνήσκων
451 2926 520 2993 τοῖν
537 2919 747 3049 προτέρφν’
726 2922 885 3011 αγεόνων,
913 2948 955 2989 τα
943 2916 1064 2987 δὲ
1028 2946 1090 3007 την

115 3019 283 3111 αίσχόνην
307 3022 538 3114 ἐπιλεγόμενος
562 3024 671 3095 καί
636 3051 696 3095 τον
721 3053 742 3093 ιι
743 3028 902 3109 ίνδννον,
932 3016 969 3101 δς
986 3046 1090 3090 κατα-

115 3120 284 3211 λήψεσθαι
314 3121 437 3207 αντούς
467 3132 606 3216 ἔμελλεν
636 3128 674 3195 ἐν
703 3127 748 3215 τῇ
771 3128 883 3216 φυγῇ,
923 3124 1090 3193 τελευτων

115 3221 267 3295 εἶπεν’
227 3253 290 3297 ουκ
307 3222 480 3317 ἆληθές,“
460 3256 478 3297 ο
496 3225 638 3317 μάλιστα
659 3226 723 3316 μὲν
737 3241 807 3307 τοῖς
818 3226 992 3317 σφετέροις
1005 3218 1089 3311 θόρ-
1107 3240 1144 3290 80

115 3348 172 3407 σος
191 3328 395 3417 παρέστησε,
413 3346 483 3409 τοϊς
501 3327 540 3399 δδ
558 3334 728 3418 πολεμίοις
746 3328 830 3409 δέος.
864 3335 929 3416 ἔφη
953 3319 1017 3413 γαρ
1039 3319 1092 3393 ὅτι

114 3424 262 3518 θάτερον
285 3425 398 3499 αὐτῶν
414 3425 481 3518 ἤδη
499 3430 599 3521 κέρας
614 3431 732 3513 ἐξέωσε
745 3429 824 3511 τούς
836 3431 1016 3517 πολεμίους
1033 3425 1090 3493 καί
