2384 3850
437 40 636 123 „12ss
1000 64 1046 165 9ι

15 267 16 290 ι
49 211 113 305 σῦν
137 249 267 314 κεναῖς
274 236 390 324 χερσὶν
413 230 577 324 άφίξεως,
604 234 740 318 καὶτὰς
766 238 895 308 ἑαυτοῦν
912 237 1021 327 ψυχὰς

16 334 18 370 ⁵
49 339 175 407 θάττον
192 329 214 424 ή
230 331 292 424 τήν
311 339 441 406 ἐκείνου
459 334 670 427 προήσεσθαι
686 353 755 419 τοῖς
770 335 904 461 ἐχθροῖς
922 343 1021 438 ἐπαγ·

49 436 267 527 γειλαμίνοιν,
279 433 510 520 ἐπαινέσας’
468 435 590 520 αυτοῦς
604 433 800 510 άπὲλνσε
763 468 825 529 την
832 445 1019 529 ἐκκλησίαν

49 542 105 608 καὶ
129 537 212 628 μετά
234 543 332 610 τοῦτο
356 541 468 610 καλοῦν
499 546 547 620 είς
569 538 633 629 τήν
663 539 767 611 αῦτοῦ
793 539 922 631 σκηνήν
943 541 1022 623 τοῦς

49 637 297 730 πονηροτάτους
321 643 355 723 ἐξ
379 637 491 711 αῦτῦν
514 643 571 711 καὶ
595 638 679 711 κατά
708 659 804 732 χεῖρα
826 642 1022 732 γενναιοτά-
1057 664 1078 713 5

49 771 146 830 τους,
183 746 343 864 δωρεῶν
355 770 392 813 τε
428 741 520 814 δόσει
550 744 606 812 καὶ
642 740 753 840 λόγων
781 751 1022 836 φιλανθρωπίᾳ

49 845 105 912 καὶ
130 857 205 924 ταῖς
230 839 379 924 ἅπαντας
410 841 636 927 ἐξαπατώσαις
667 848 776 914 ἐλπίσι
808 851 1022 936 διαφθείρας,

51 948 214 1034 ἑτοίμους
238 951 313 1035 ἔσχε
342 949 593 1033 συγκαταλῦσαι
623 944 685 1034 τήν
713 949 933 1017 καθεστῶσαν
960 973 1022 1017 πο-

15 1133 16 1138 ,
49 1053 188 1116 λιτείαν.

126 1146 200 1214 Vll.
236 1143 306 1227 Οῦς
334 1145 518 1238 συνεργοῦς
545 1150 602 1218 καὶ
630 1147 883 1235 συναγωνιστάς
907 1147 1022 1237 λαβάν
1041 1168 1078 1216 Ῑο

49 1253 106 1319 καὶ
123 1246 146 1318 ά
165 1247 276 1337 δεήσει
300 1247 457 1340 πράττειν
481 1247 633 1331 ἑκάστοις
648 1243 877 1340 ὑποθέμενος,
900 1266 970 1333 τοῖς
987 1278 1023 1321 τε

50 1348 269 1441 αἰχμαλώτοις
283 1347 343 1430 οῦς
357 1348 495 1438 ἐπήγετο
509 1368 632 1442 προῖκα
646 1349 726 1431 δοῦς
738 1350 801 1439 τήν
811 1355 1022 1441 ἐλευθερίαν,

51 1457 109 1522 ἵνα
127 1453 184 1522 καὶ
202 1448 263 1542 τήν
281 1455 423 1522 ἐκείνων
435 1449 572 1523 εῦνοιαν
589 1450 775 1543 προσλάβη,
793 1455 949 1523 κατέπλει
966 1480 1024 1521 αε-

15 1557 277 1644 εοκοσμημέναις
299 1569 372 1635 ταῖς
389 1555 513 1624 ναυσὶν
537 1559 584 1634 είς
607 1551 685 1634 τοῦς
709 1556 777 1623 τοῖν
793 1558 958 1642 Κυμαίων
975 1562 1023 1624 λι·
1081 1593 1083 1597 ·

48 1659 163 1744 με’νας.
203 1660 244 1731 ολ,
265 1655 303 1724 δὲ
331 1657 399 1726 τοῖν
431 1657 705 1746 στρατευομένων
733 1656 873 1745 πατέρες
903 1681 940 1724 τε
968 1657 1024 1723 καὶ
1042 1671 1079 1720 15

48 1761 189 1847 μητέρες
211 1758 268 1826 καὶ
291 1751 426 1844 πῦσαή
451 1753 534 1844 άλλη
559 1759 737 1845 συγγένεια
760 1762 879 1826 παιδία
908 1783 945 1825 τε
968 1757 1024 1826 καὶ

49 1861 194 1950 γαμεταὶ
229 1873 386 1947 γυναῖκες
420 1855 579 1947 ὑπήντων
616 1861 761 1942 ἐξιοῦσιν
795 1855 909 1941 αὐτοῖς
943 1855 1025 1947 μετά

49 1958 211 2052 δακρύων
233 1958 507 2052 περιπλεκόμενοι
525 1962 581 2031 καὶ
600 1964 860 2050 καταφιλοῦντες
878 1962 934 2030 καὶ
952 1978 1024 2042 ταῖς

49 2062 204 2151 ἡδίσταις
227 2065 366 2133 ἕκαστον
388 2059 653 2150 ἀνακαλούμενοι
676 2069 923 2153 προσηγορίαις.
968 2064 1024 2131 καὶ

49 2163 69 2255 ή
87 2162 177 2252 άλλη
196 2164 233 2233 δὲ
250 2160 384 2252 πληθῦς
401 2158 423 2251 ή
441 2162 524 2233 κατά
541 2160 604 2251 τήν
621 2162 720 2234 πόλιν
737 2161 850 2234 ἅπασα
864 2166 951 2255 χαρᾷ
968 2165 1030 2232 καλ
1041 2184 1078 2232 20
1177 2209 1178 2212 =

50 2264 160 2358 κρότῳ
181 2266 374 2353 δεξιουμένη
392 2262 451 2335 τόν
467 2259 615 2354 ἡγεμόνα
632 2262 852 2355 προῦπεμπεν
870 2270 918 2342 είς
931 2262 1025 2332 οἷκον

49 2365 204 2438 ἀπιόντα.
239 2364 291 2455 ἐφ’
314 2362 363 2447 οἷς
387 2370 422 2435 οί
440 2362 681 2453 προεστηκότες
703 2366 763 2451 τής
780 2360 908 2443 πόλεως
925 2358 1025 2431 άνιοό-

49 2488 166 2558 μενοι,
184 2464 324 2555 μάλιστα
343 2466 382 2535 δὲ
398 2472 434 2535 οί
448 2465 510 2553 τήν
528 2469 730 2553 στρατηγίαν
748 2460 841 2555 αὐτῷ
858 2460 1025 2553 παραδόν-

49 2598 103 2651 τες
122 2571 182 2638 καὶ
198 2558 301 2637 τάλλα
323 2564 364 2637 τά
388 2565 470 2656 πρὸς
492 2565 552 2636 τόν
575 2562 720 2653 όλεθρον
743 2562 1024 2654 μηχανησάμενοι,

49 2668 223 2758 πονηροῦς
238 2664 325 2758 ὑπὲρ
342 2671 403 2738 τοῦ
427 2669 605 2757 μέλλοντος
624 2666 714 2755 εἶχον
732 2664 978 2755 διαλογισμούς.
1006 2662 1024 2735 ὁ
1042 2686 1079 2735 25

51 2773 88 2842 δε
109 2766 277 2841 διαλιποῦν
295 2766 409 2857 ὀλίγας
432 2766 527 2849 τινάς
543 2766 686 2891 ἡμέρας,
718 2770 755 2838 ἐν
779 2763 887 2847 αἷς
849 2795 907 2847 τας
927 2764 1026 2855 εῦχῦς

49 2872 221 2942 ἀπεδίδου
246 2887 315 2953 τοις
338 2881 433 2952 θεοις
461 2868 576 2939 καὶ
541 2898 600 2951 τας
621 2863 858 2990 ὑστεριζούσας
881 2862 1026 2945 ὁλκάδας

50 2970 247 3062 ἀνεδέχετο,
267 2969 383 3062 ἐπειδή
400 2969 514 3062 καιρὸς
531 2960 575 3061 ήν
592 2976 657 3059 ἔφη
676 2961 862 3057 βούλεσθαι
885 2964 926 3037 τά
943 2991 1026 3057 πρα-

51 3078 181 3196 χθέντα
198 3070 281 3144 κατά
297 3072 357 3145 τόν
371 3069 487 3162 άγῦνα
503 3070 586 3162 πρὸς
603 3099 665 3159 την
684 3069 814 3158 βουλήν
826 3067 1026 3157 ἀπαγγείλαι

50 3181 110 3246 καὶ
128 3204 169 3246 τα
159 3172 225 3245 ἐκ
242 3203 302 3245 του
290 3178 468 3264 πολέμου
481 3170 617 3263 λάφυρα
630 3167 811 3253 άποδελξαι.
839 3169 1025 3242 συνελθόν-
1043 3191 1079 3239 30

50 3305 123 3349 των
143 3277 181 3347 δὲ
197 3280 267 3347 τοῖν
284 3280 322 3347 ἐν
340 3277 428 3347 τέλει
450 3272 532 3346 κατά
556 3278 685 3361 πλῆθος
709 3278 757 3353 είς
779 3271 816 3341 τὸ
840 3269 1026 3361 βουλευτή-

15 3390 41 3441 λ7
51 3408 142 3471 ριον,
160 3376 178 3448 ὁ
196 3378 259 3467 μὲν
272 3374 471 3469 ἐδημηγόρει
488 3373 672 3464 παρελθών
683 3375 740 3443 καλ
753 3371 862 3443 πάντα
874 3369 915 3441 τά
927 3366 1024 3457 γενό-
