2384 3850
452 132 653 192 -ιιψ
899 135 1039 199 w193
1141 120 1143 123 ’

63 308 163 393 με’ραι
183 282 353 390 συνάγων
371 300 454 391 μετά
480 307 593 392 κοινῆς
617 302 751 394 γνώμης
768 334 837 377 των
854 317 1039 399 πατρικίων

62 401 404 494 ἀντιπαρεσκευάζετο
428 402 582 493 φυλακάς
612 433 648 475 τε
678 408 734 475 καὶ
758 406 920 491 κωλύσεις
945 418 1037 500 νομί-

62 535 158 594 μους.
200 508 256 575 και
279 495 322 595 ἦν
340 522 457 595 στῖφος
480 510 625 599 έκατέρφ
650 532 729 577 των
742 511 1037 598 παρακολουθούν-

4 628 56 678 ιιεο
64 636 137 678 των
160 635 199 678 τε
222 608 278 676 καὶ
301 604 458 697 φυλακὴν
481 636 527 701 τφ
551 606 678 696 στόματι
695 608 912 700 παρεχόντων
934 611 1036 682 πολό

62 707 98 780 τό
115 738 183 798 μευ
200 705 328 831 άπρρου
345 712 403 780 καὶ
420 677 573 800 ρυπάρόν
597 712 654 779 καὶ
679 709 788 781 πάντα
805 717 931 837 τολμᾶν
956 712 1036 803 πρό·
1071 740 1087 789 5

61 839 178 899 χειρον
196 804 262 879 ὑπό
280 833 325 904 τω
311 814 480 904 Κασσίφ
499 813 713 936 τεταγμένον,
732 812 768 882 τό
788 808 821 881 δ’
842 811 1068 902 εὐγενέστα-Ι

60 910 122 982 τόν
145 940 183 982 τε
207 913 263 981 και
287 881 529 1003 καθαρωτάτου
550 910 617 983 ὑπό
643 916 689 1007 τῷ
716 909 906 1009 Οὐεργινίῳ
935 915 1057 1005 [τιθέ-

47 1013 191 1102 ’μενον].
225 1016 306 1093 τέως
329 1004 448 1103 μὲν
408 1042 470 1085 ουυ
496 1011 533 1083 τό
550 1029 665 1105 χεῖρον
692 1018 729 1085 έν
751 1031 823 1096 ταῖς
847 1019 1035 1105 ἐκκλησίαις

63 1112 239 1206 ἐπεκράτει
255 1120 371 1209 μακρῷ
388 1118 542 1206 θατέρου
553 1118 707 1243 προέχον,
726 1123 840 1187 ἔπειτα
855 1117 1035 1210 ίσορροπον

63 1219 197 1303 ἐγένετο
225 1215 503 1307 προσνειμάντων
533 1218 673 1300 έαυτοδς
697 1222 765 1291 τῶν
790 1217 971 1310 δημάρχων
994 1227 1034 1312 τῇ
1054 1244 1085 1292 10
1187 1238 1188 1241 ’

6 1331 7 1336 ’
61 1324 229 1409 κρείττονι
251 1326 368 1411 μοίρηι·
396 1316 479 1407 τάχα
495 1320 558 1407 μὲν
581 1322 638 1389 καὶ
665 1318 720 1390 διὰ
743 1318 779 1390 τό
802 1319 847 1410 μὴ
868 1322 1032 1412 [ἐκείνοις]

62 1425 180 1489 δοκεῖν
202 1416 342 1508 ἄμεινον
366 1419 453 1491 εἶναι
476 1424 519 1510 τῇ
541 1419 636 1491 πόλει
667 1427 844 1510 δεκασμοῖς
867 1452 903 1493 τε
928 1422 1034 1513 άργυ-

62 1528 141 1610 ρίου
166 1524 224 1591 καὶ
249 1528 424 1611 διανομαῖς
448 1527 516 1594 τῶν
547 1528 718 1611 δημοσίων
750 1522 1034 1613 διαφθειρόμενον

5 1693 6 1706 ,
61 1620 97 1691 τό
122 1627 254 1711 πλῆθος
279 1620 385 1714 άργόυ
410 1626 466 1694 καὶ
490 1622 640 1715 πονηρόν
666 1623 767 1695 εἶναι·
794 1622 877 1713 τάχα
910 1626 946 1694 δέ
977 1628 1033 1694 καλ

63 1721 119 1793 διά
142 1723 201 1795 τόν
218 1722 364 1814 φθόνον,
388 1724 439 1796 ὅτι
462 1730 520 1815 τῆς
538 1733 797 1817 φιλανθρωπίας
822 1724 944 1814 ταύτης
969 1724 1032 1797 οὐκ
1052 1750 1084 1799 15
1187 1746 1188 1769 ³

63 1821 161 1895 αὐτοὶ
179 1817 285 1916 ἦρξαν
301 1832 337 1897 ot
351 1831 411 1897 τοῦ
431 1825 538 1916 δήμου
556 1828 795 1918 προεστηκότες
809 1824 883 1898 ἄλλ’
904 1832 1031 1918 ἔτερος·
1081 1868 1084 1874 ·

5 1980 6 1997 2
62 1924 170 1998 οὐθὲν
189 1929 226 1998 δὲ
244 1928 367 2000 κωλόει
391 1933 447 2000 καὶ
466 1929 522 1999 διὰ
540 1935 638 2001 τοῦτο
661 1929 698 2002 τό
718 1934 808 2020 δέος,
834 1927 853 2002 6
871 1930 953 2023 πρὸς
971 1928 1033 2020 την

63 2027 204 2117 αὔξησιν
226 2035 287 2102 τοῦ
314 2027 437 2121 ἀνδρὸς
466 2029 656 2121 ἐλάμβανον
684 2041 818 2122 μείζονα
847 2036 1032 2124 γενομένην

43 2127 84 2217 6
108 2136 151 2221 τῇ
183 2130 279 2202 πόλει
310 2135 507 2224 συνέφερεν.
551 2131 732 2222 άυτέλεγου
761 2127 822 2205 οὖν
853 2133 917 2225 ἤδη
949 2134 1031 2205 κατὰ

63 2231 182 2323 κράτος
203 2236 240 2303 ἐν
258 2251 329 2314 ταῖς
349 2238 537 2322 ἐκκλησίαις
561 2226 653 2306 οὗτοι
677 2234 759 2326 πρός
783 2234 861 2316 τούς
880 2244 1030 2325 είσφερο-
1049 2259 1081 2308 20
1187 2267 1188 2278 *

62 2336 183 2422 μένους
207 2332 274 2405 ὑπό
300 2365 360 2405 του
345 2341 530 2407 Κασσίου
559 2334 699 2459 νόμους,
735 2334 1006 2416 διδάσκοντες
972 2365 1031 2406 του

64 2432 240 2524 δῆμον,’
216 2466 260 2519 ως
282 2435 345 2507 οὐκ
370 2449 421 2526 είη
387 2435 613 2509 ίδίκαιον
600 2466 620 2506 α
614 2433 696 2506 διά
713 2441 848 2507 πολλῶν
872 2435 1031 2524 ἐκτήσατο

4 2510 234 2627 ἰῖεεπολέμων,
265 2545 371 2609 ταῦτα
401 2538 446 2629 μὴ
473 2534 655 2629 Ρωμαίους
686 2545 868 2627 νείμασθαι
893 2535 1029 2661 μόνους,

63 2633 147 2709 άλλὰ
164 2643 221 2710 καὶ
239 2648 407 2721 Λατίνους
430 2638 543 2722 αὐτοῖς
561 2647 746 2731 ίσομοιρεῖν
763 2638 841 2721 τούς
858 2637 903 2730 μὴ
921 2666 1030 2731 παρα-

5 2756 7 2763 ’
62 2745 263 2832 γενομένους
282 2758 350 2824 τοῖς
367 2745 540 2832 πολέμοις,
564 2742 621 2812 καί
645 2739 723 2825 τούς
747 2744 868 2813 νεωστὶ
886 2751 1029 2832 προσελ-
1047 2763 1079 2812 25
1187 2757 1188 2760 ’

62 2840 187 2924 θόντας
209 2841 292 2934 ’πρός
316 2842 378 2932 τὴν
396 2852 515 2932 φιλίαν
524 2841 698 2934 Ἕρνικας,
729 2841 779 2925 οἷς
798 2842 968 2933 ἀγαπητὸν
986 2835 1030 2931 ἦν
1060 2921 1062 2924 ,

63 2947 195 3039 πολέμῳ
212 2957 435 3035 προσαχθεῖσι
454 2943 490 3015 τό
508 2943 553 3034 μὴ
570 2943 632 3035 την
652 2947 783 3016 ἑαυτῶν
800 2943 1028 3034 ἀφαιρεθῆναι

63 3043 183 3139 χάραν.
230 3041 248 3115 6
268 3048 305 3116 δὲ
327 3051 430 3135 δῆμος
448 3043 582 3117 άκοόων
599 3046 673 3117 τοτὲ
690 3047 754 3135 μὲν
769 3063 840 3126 τοῖς
855 3050 924 3116 τῶν
943 3052 1028 3134 δημ-

64 3143 173 3236 άρχων
191 3155 410 3239 προσετίθετο
429 3147 539 3237 λόγοις
558 3145 821 3237 ἐνθυμούμενος,
841 3144 891 3217 ὅτι
908 3147 1029 3242 μικρόν

64 3275 93 3315 τι
110 3247 222 3318 καλ’
184 3277 247 3319 ουκ
264 3247 358 3333 άξιον
376 3257 467 3320 ἔσται
485 3247 586 3338 λόγου
604 3278 641 3318 το
630 3246 753 3318 Ηέκ
714 3277 772 3336 της
792 3253 1008 3338 δημοσίας
966 3277 1027 3336 γης
1045 3271 1078 3319 30

67 3347 256 3439 ἐσόμενον
239 3348 367 3446 εκάστςο
383 3349 532 3441 λάχος,ε
516 3358 549 3420 εί
562 3347 644 3440 μετὰ
658 3344 751 3439 Ερνί
749 3377 819 3419 κων
836 3379 872 3420 τε
890 3351 944 3418 καὶ
958 3359 1026 3418 Λα-

65 3459 165 3521 τίνων
183 3450 291 3541 αδτὴν
307 3450 522 3543 νεμήσονται
550 3451 629 3521 τοτὲ
650 3445 731 3520 δὲ
710 3448 777 3520 υπό
796 3478 856 3519 του
844 3454 1026 3518 Κασσίου

113 3597 191 3633 mon.
205 3598 251 3632 111.
588 3619 597 3635 s
834 3559 873 3621 13
