2384 3850
79 291 227 380 φέροντες
261 288 302 358 τά
337 293 634 380 παρεσκευασμένα
669 288 751 381 πρὸς
785 286 847 378 την
876 292 1035 381 ἐργασίαν

80 392 167 482 ζεύγη
192 420 230 462 τε
256 390 354 480 βολκά
380 395 436 462 καὶ
463 390 656 482 βοσκήματα
683 396 738 463 καλ
755 386 916 481 ὑποζύγια
934 391 1035 484 άχθο-

80 491 158 583 μόρα
175 493 232 563 καὶ
251 490 356 582 σκεύη
374 509 534 582 παντοῖα,
559 490 610 575 οἷς
632 496 676 583 γῆ
693 491 722 565 τ’
753 490 956 583 ἐξεργάζεται
979 497 1036 565 καὶ

79 598 191 686 καρποὶ
208 603 470 685 συγκομίζονται.
514 589 532 664 6
556 595 594 665 δὲ
618 592 760 665 κωλύων
783 592 845 683 τὴν
868 623 1035 685 καταγρα-

79 695 139 785 ρην
158 693 325 786 δήμαρχος
342 692 449 768 οὐθὲν
466 704 514 767 ἔτι
526 714 638 767 ποιεῖν
655 689 861 785 ἦνδυνατός.
897 692 1035 779 οὐδενὸς
1053 716 1070 766 5

78 796 133 889 γάρ
160 805 224 868 είσι
247 804 317 867 τῶν
343 802 405 882 ἔξω
431 802 489 887 τῆς
513 796 642 880 πόλεως
664 802 701 868 οί
731 796 793 887 την
828 795 1036 923 δημαρχικὴν

80 904 199 1022 ἔχοντες
218 897 434 983 ἐξουσίαν’
389 920 518 990 κυριοι
554 901 814 1024 περιγίγρμπται
835 896 899 989 γάρ
924 897 1036 973 αὐτῶν

28 1072 29 1084 2
78 999 109 1069 τὸ
125 999 257 1126 κράτος
266 1017 335 1081 τοῖς
356 1010 496 1093 τείχεσι,
520 1003 577 1071 καὶ
595 998 680 1124 οὐδὲ
702 997 954 1089 ἀπαυλισθῆναι
977 1008 1036 1090 της

28 1117 29 1120 ’
79 1099 198 1221 πάλεως
217 1098 330 1183 αὐτοῖς
346 1100 507 1192 θέμις,”
487 1132 539 1175 οτι
560 1100 606 1193 μη
629 1100 711 1195 πρὸς
729 1106 789 1175 ἕνα
807 1104 934 1226 uatp6v‚
955 1092 1036 1173 ἐν
1009 1130 1035 1195 ρι
1131 1128 1134 1132 ·

78 1207 172 1274 παῖσαι
202 1201 349 1274 θύουσιν
378 1210 418 1275 αί
448 1211 506 1293 τῆς
536 1203 663 1287 πόλεως
690 1200 788 1297 άρχαλ
809 1233 926 1328 κοινην
948 1199 1035 1294 ὑπὲρ
1054 1223 1085 1273 10

78 1332 128 1377 τον
116 1312 303 1377 Λατίνων
326 1311 450 1387 ἔθνους
473 1312 518 1400 τῷ
542 1308 603 1376 Διὶ
627 1313 713 1377 θνσί
712 1310 796 1377 ανέ
780 1309 834 1377 ἐπὶ
860 1304 897 1376 τὸ
916 1304 1034 1393 Ἀλβα-

76 1412 140 1477 νῶν
143 1404 233 1531 ὅρμς
251 1404 504 1495 ἀναβαίνουσαι.
557 1410 657 1478 τοῦτο
682 1410 831 1496 διαμένει
856 1408 1013 1497 μέχρι
968 1434 1036 1478 των

27 1542 28 1553 ¹
77 1504 152 1578 καθ’
188 1502 274 1597 ημᾶς
297 1506 429 1598 χρόνων
451 1506 487 1579 τδ
512 1514 610 1596 ἔθος,
645 1506 682 1578 τὸ
699 1506 845 1678 μηθενὸς
866 1506 951 1577 εἶναι
969 1511 1037 1576 τῶν

78 1612 189 1691 ἔξω
149 1637 207 1697 της
224 1608 351 1691 πόλεως
364 1607 442 1691 τούς
454 1607 645 1700 δημάρχους
658 1616 740 1699 κνρί
738 1627 814 1691 ους·
846 1609 901 1677 καὶ
920 1604 962 1695 δὴ
980 1608 1036 1676 καὶ

77 1708 128 1779 τὸν
154 1709 320 1800 ἐμφύλιον
344 1706 514 1801 Ῥωμαίων
540 1709 686 1801 πόλεμον
708 1706 767 1782 τὸν
797 1711 850 1780 ἐπὶ
876 1710 934 1797 της
958 1712 1037 1799 ἐμης
1057 1727 1088 1777 15

26 1818 69 1868 1726
77 1805 211 1900 ἡλικίας,
220 1806 264 1893 '69
281 1815 433 1901 μέγιστος
450 1816 518 1884 τῶν
534 1811 599 1903 πρὸ
613 1810 715 1883 αὐτοῦ
728 1812 883 1901 πολέμων
896 1811 1036 1899 ἐγένετο,

77 1910 95 2000 ἡ
111 1911 273 2003 κινήσασα
290 1912 457 2004 πρόφασις
472 1915 527 1987 ἐπὶ
545 1922 683 1996 πολλαίς
697 1909 812 1995 άλλαις
827 1910 950 1997 δόξασα
968 1917 1037 2002 μεί-

77 2022 137 2097 ζων
159 2016 332 2097 εἶναικαὶ
355 2015 440 2106 μόνη
464 2012 644 2107 άποχρῶσα
668 2019 843 2104 διαστῆσαι
860 2013 922 2103 τὴν
939 2011 1038 2085 πόλιν

77 2111 132 2203 ἥδε
148 2107 204 2206 ἦν,
216 2115 268 2188 ὅτι
281 2124 348 2188 τῶν
367 2115 546 2208 δημάρχων
563 2119 651 2199 τινὲς
669 2115 888 2206 ἐξεληλάσθαι
901 2121 959 2205 τῆς
976 2114 1038 2186 πό-

78 2226 153 2300 λεως
188 2216 378 2307 αίτιοίμενοι
413 2226 472 2345 βίᾳ
499 2217 586 2342 μρδς
609 2223 670 2289 τοῦ
692 2217 765 2288 τότε
788 2221 981 2306 κατέχοντος
998 2215 1038 2286 τά
1056 2236 1089 2284 20

78 2317 153 2390 κατά
170 2349 232 2408 την
246 2316 422 2391 Ἰταλίαν’
404 2318 578 2410 ηγεμόνος,
594 2327 653 2390 ινα
670 2317 813 2440 μηδενὸς
828 2317 896 2388 εἷεν
914 2323 961 2387 ἔτι
979 2315 1037 2385 κά

78 2448 154 2510 ριοι,
189 2423 245 2544 ἐμλ
273 2420 334 2490 τὸν
358 2424 457 2492 ἐν
417 2451 458 2513 τη
481 2427 629 2513 Γαλατίᾳ
652 2416 692 2490 τά
716 2415 923 2509 στρατόπεδα
941 2419 1038 2486 κατέ-

78 2549 173 2608 χοντα
190 2517 234 2604 69
253 2520 316 2593 οὐκ
334 2521 500 2611 ἔχοντες”
480 2550 558 2594 οποι
574 2520 775 2646 τράπωνται
785 2523 983 2643 κατίφυγοη.
1020 2511 1037 2586 6

79 2623 163 2714 δὲτη
182 2621 349 2714 προφάσει
366 2622 470 2715 ταύτῃ
494 2622 719 2714 χρησάμενος,
751 2650 795 2702 ως
819 2617 904 2745 ιἰρχη
929 2616 1038 2709 δήμου

78 2741 216 2813 παναγεῖ
244 2723 281 2795 τὸ
311 2723 430 2813 κράτος
460 2722 800 2815 ἀφαιρεθείσητιαρά
823 2720 899 2804 τούς
917 2718 1037 2814 ὅρκους
1055 2738 1089 2788 25

77 2828 140 2896 των
155 2823 333 2917 προγόνων
348 2822 447 2908 αὐτὸς
460 2825 562 2908 ὁσίως
579 2830 636 2897 καὶ
650 2821 713 2896 οὖν
723 2832 800 2915 δίκη
813 2830 961 2913 βοηθῶνρ
981 2819 1038 2891 αὐ-

77 2923 128 3007 τός
145 2954 180 2998 τε
198 2925 263 2998 σδν
280 2942 348 3009 τοῖς
365 2925 479 3009 ὅπλοις
501 2917 609 3016 ἦλθεν
627 2933 674 3009 είς
692 2926 755 3014 τὴν
771 2923 869 2996 πόλιν
887 2925 943 2992 καλ
960 2917 1039 3001 τούς

52 3060 56 3069 ·
77 3021 197 3120 άνδρας
216 3030 270 3098 ἐπὶ
282 3025 345 3117 τὴν
363 3025 471 3120 ἀρχὴν
488 3026 664 3118 κατήγαγε.

148 3128 491 3202 ιΧΧΧν111.Τόιε
521 3125 554 3200 δ’
579 3120 641 3200 οὖν
665 3133 699 3197 oc
727 3122 865 3251 δημότμι
894 3125 952 3212 τῆς
983 3129 1039 3210 δη-

79 3238 231 3323 μαρχικῆς
259 3234 373 3316 ἕξουσί
371 3260 409 3314 ας
439 3227 541 3303 οὐδὲν
563 3226 788 3309 άπολαάοντες
818 3225 958 3316 ὑφεῖντο
982 3227 1042 3298 τοῦ
1059 3243 1092 3294 30

24 3333 58 3384 ¹72
35 3330 223 3421 ⁴276666669
251 3335 306 3403 καλ
334 3331 527 3424 προσιόντες
556 3349 626 3412 τοῖς
651 3333 705 3402 ἐπὶ
727 3358 784 3418 της
807 3332 1041 3451 στρατμλργίας

79 3433 339 3526 τεταγμένοις
305 3463 364 3505 τον
382 3433 473 3522 ίερδν
490 3431 592 3521 ὅρκον
610 3429 788 3521 ὤμνυσαν,
814 3425 913 3500 κάλ’
895 3425 961 3496 υπὸ
984 3421 1041 3505 τάς
