<?xml version="1.0" encoding="UTF-8"?>
<!DOCTYPE html PUBLIC "-//W3C//DTD XHTML 1.0 Transitional//EN"
    "http://www.w3.org/TR/xhtml1/DTD/xhtml1-transitional.dtd">
<html xmlns="http://www.w3.org/1999/xhtml" xml:lang="en" lang="en">
 <head>
  <title>
</title>
<meta http-equiv="Content-Type" content="text/html;charset=utf-8" />
  <meta name='ocr-system' content='tesseract 3.04.00' />
  <meta name='ocr-capabilities' content='ocr_page ocr_carea ocr_par ocr_line ocrx_word'/>
</head>
<body>
  <div class='ocr_page' id='page_1' title='image "./dionysihalicarn01kiesgoog_0302.png"; bbox 0 0 2384 3850; ppageno 0'>
   <div class='ocr_carea' id='block_1_1' title="bbox 171 70 775 162">
    <p class='ocr_par' dir='ltr' id='par_1_1' title="bbox 171 70 775 162">
     <span class='ocr_line' id='line_1_1' title="bbox 171 70 775 162; baseline -0.007 -1"><span class='ocrx_word' id='word_1_1' title='bbox 171 70 234 162; x_wconf 79' lang='grc' dir='ltr'><strong><em>ιεε</em></strong></span> <span class='ocrx_word' id='word_1_2' title='bbox 567 97 775 157; x_wconf 84' lang='grc' dir='ltr'><strong><em>-ο-·</em></strong></span> 
     </span>
    </p>
   </div>
   <div class='ocr_carea' id='block_1_2' title="bbox 35 260 1184 3516">
    <p class='ocr_par' dir='ltr' id='par_1_2' title="bbox 35 260 1184 3516">
     <span class='ocr_line' id='line_1_2' title="bbox 173 260 1162 362; baseline -0.004 -20"><span class='ocrx_word' id='word_1_3' title='bbox 173 278 297 362; x_wconf 90' lang='grc' dir='ltr'><strong><em>χωρίον</em></strong></span> <span class='ocrx_word' id='word_1_4' title='bbox 314 265 461 358; x_wconf 63' lang='grc' dir='ltr'><strong><em>ἀσφαλὲς</em></strong></span> <span class='ocrx_word' id='word_1_5' title='bbox 475 271 532 340; x_wconf 78' lang='grc' dir='ltr'><strong><em>καί</em></strong></span> <span class='ocrx_word' id='word_1_6' title='bbox 549 265 632 359; x_wconf 86' lang='grc' dir='ltr'><strong><em>πρός</em></strong></span> <span class='ocrx_word' id='word_1_7' title='bbox 649 267 689 338; x_wconf 80' lang='grc' dir='ltr'><strong><em>τὰ</em></strong></span> <span class='ocrx_word' id='word_1_8' title='bbox 702 266 765 358; x_wconf 86' lang='grc' dir='ltr'><strong><em>όρη</em></strong></span> <span class='ocrx_word' id='word_1_9' title='bbox 779 260 994 356; x_wconf 73' lang='grc' dir='ltr'><strong><em>σπεύδοντες,</em></strong></span> <span class='ocrx_word' id='word_1_10' title='bbox 1011 271 1100 350; x_wconf 49' lang='lat' dir='ltr'><strong><em>‘ahs‘</em></strong></span> <span class='ocrx_word' id='word_1_11' title='bbox 1076 295 1162 338; x_wconf 84' lang='grc' dir='ltr'><strong><em>ετε-</em></strong></span> 
     </span>
     <span class='ocr_line' id='line_1_3' title="bbox 174 364 1161 491; baseline -0.005 -47"><span class='ocrx_word' id='word_1_12' title='bbox 174 402 236 462; x_wconf 85' lang='grc' dir='ltr'><strong><em>ρον</em></strong></span> <span class='ocrx_word' id='word_1_13' title='bbox 254 375 452 462; x_wconf 74' lang='grc' dir='ltr'><strong><em>ἐμπίπτουσι</em></strong></span> <span class='ocrx_word' id='word_1_14' title='bbox 472 368 571 461; x_wconf 94' lang='grc' dir='ltr'><strong><em>λόχον</em></strong></span> <span class='ocrx_word' id='word_1_15' title='bbox 583 374 620 440; x_wconf 83' lang='grc' dir='ltr'><strong><em>έν</em></strong></span> <span class='ocrx_word' id='word_1_16' title='bbox 635 367 735 452; x_wconf 82' lang='grc' dir='ltr'><strong><em>ύλαις</em></strong></span> <span class='ocrx_word' id='word_1_17' title='bbox 751 372 809 441; x_wconf 84' lang='grc' dir='ltr'><strong><em>καὶ</em></strong></span> <span class='ocrx_word' id='word_1_18' title='bbox 826 367 948 452; x_wconf 84' lang='grc' dir='ltr'><strong><em>νάιιαις</em></strong></span> <span class='ocrx_word' id='word_1_19' title='bbox 964 364 1161 491; x_wconf 52' lang='grc' dir='ltr'><strong><em>ἀποπαρδή-</em></strong></span> 
     </span>
     <span class='ocr_line' id='line_1_4' title="bbox 173 468 1160 594; baseline -0.001 -50"><span class='ocrx_word' id='word_1_20' title='bbox 173 503 285 564; x_wconf 91' lang='grc' dir='ltr'><strong><em>μενον.</em></strong></span> <span class='ocrx_word' id='word_1_21' title='bbox 322 475 439 544; x_wconf 82' lang='grc' dir='ltr'><strong><em>ναλί</em></strong></span> <span class='ocrx_word' id='word_1_22' title='bbox 402 481 532 563; x_wconf 87' lang='grc' dir='ltr'><strong><em>γίνεται</em></strong></span> <span class='ocrx_word' id='word_1_23' title='bbox 556 470 670 543; x_wconf 79' lang='grc' dir='ltr'><strong><em>αὐτῶν</em></strong></span> <span class='ocrx_word' id='word_1_24' title='bbox 686 469 773 562; x_wconf 84' lang='grc' dir='ltr'><strong><em>μάχη</em></strong></span> <span class='ocrx_word' id='word_1_25' title='bbox 791 469 937 594; x_wconf 72' lang='grc' dir='ltr'><strong><em>καρτεροὶ</em></strong></span> <span class='ocrx_word' id='word_1_26' title='bbox 963 468 1086 542; x_wconf 76' lang='grc' dir='ltr'><strong><em>ταδ’</em></strong></span> <span class='ocrx_word' id='word_1_27' title='bbox 1037 500 1160 561; x_wconf 80' lang='grc' dir='ltr'><strong><em>φονος</em></strong></span> 
     </span>
     <span class='ocr_line' id='line_1_5' title="bbox 174 563 1159 667; baseline -0.002 -20.965"><span class='ocrx_word' id='word_1_28' title='bbox 174 577 393 667; x_wconf 81' lang='grc' dir='ltr'><strong><em>ε’ξέιιατέρων</em></strong></span> <span class='ocrx_word' id='word_1_29' title='bbox 410 572 523 656; x_wconf 87' lang='grc' dir='ltr'><strong><em>πολύς.</em></strong></span> <span class='ocrx_word' id='word_1_30' title='bbox 560 569 758 646; x_wconf 89' lang='grc' dir='ltr'><strong><em>απεωσαντο</em></strong></span> <span class='ocrx_word' id='word_1_31' title='bbox 781 571 813 646; x_wconf 91' lang='grc' dir='ltr'><strong><em>δ</em></strong></span> <span class='ocrx_word' id='word_1_32' title='bbox 834 563 899 646; x_wconf 88' lang='grc' dir='ltr'><strong><em>ούν</em></strong></span> <span class='ocrx_word' id='word_1_33' title='bbox 922 575 979 644; x_wconf 78' lang='grc' dir='ltr'><strong><em>καί</em></strong></span> <span class='ocrx_word' id='word_1_34' title='bbox 1002 571 1159 656; x_wconf 81' lang='grc' dir='ltr'><strong><em>τούτους</em></strong></span> 
     </span>
     <span class='ocr_line' id='line_1_6' title="bbox 138 672 1156 799; baseline 0.001 -55"><span class='ocrx_word' id='word_1_35' title='bbox 138 695 155 744; x_wconf 76' lang='grc' dir='ltr'><strong><em>ε</em></strong></span> <span class='ocrx_word' id='word_1_36' title='bbox 173 675 272 768; x_wconf 84' lang='grc' dir='ltr'><strong><em>ὅμως,</em></strong></span> <span class='ocrx_word' id='word_1_37' title='bbox 291 680 347 748; x_wconf 80' lang='grc' dir='ltr'><strong><em>καί</em></strong></span> <span class='ocrx_word' id='word_1_38' title='bbox 361 675 597 767; x_wconf 72' lang='grc' dir='ltr'><strong><em>πληρώσαντες</em></strong></span> <span class='ocrx_word' id='word_1_39' title='bbox 610 673 673 764; x_wconf 80' lang='grc' dir='ltr'><strong><em>τὴν</em></strong></span> <span class='ocrx_word' id='word_1_40' title='bbox 685 672 844 766; x_wconf 75' lang='grc' dir='ltr'><em>φάραγγα</em></span> <span class='ocrx_word' id='word_1_41' title='bbox 856 679 986 799; x_wconf 76' lang='grc' dir='ltr'><strong><em>νεκρρὶν</em></strong></span> <span class='ocrx_word' id='word_1_42' title='bbox 1000 673 1156 765; x_wconf 84' lang='grc' dir='ltr'><strong><em>ἀνέδρα-</em></strong></span> 
     </span>
     <span class='ocr_line' id='line_1_7' title="bbox 136 768 1157 872; baseline -0.004 -20.854"><span class='ocrx_word' id='word_1_43' title='bbox 136 809 236 870; x_wconf 86' lang='grc' dir='ltr'><strong><em>μου</em></strong></span> <span class='ocrx_word' id='word_1_44' title='bbox 255 781 310 850; x_wconf 75' lang='grc' dir='ltr'><strong><em>ἐπὶ</em></strong></span> <span class='ocrx_word' id='word_1_45' title='bbox 328 777 434 868; x_wconf 82' lang='grc' dir='ltr'><strong><em>λόφον</em></strong></span> <span class='ocrx_word' id='word_1_46' title='bbox 451 806 492 848; x_wconf 92' lang='grc' dir='ltr'><strong><em>ου</em></strong></span> <span class='ocrx_word' id='word_1_47' title='bbox 482 774 631 870; x_wconf 74' lang='grc' dir='ltr'><strong><em>’ῥᾴδιον</em></strong></span> <span class='ocrx_word' id='word_1_48' title='bbox 646 771 789 850; x_wconf 76' lang='grc' dir='ltr'><strong><em>ἀλεῖναι·</em></strong></span> <span class='ocrx_word' id='word_1_49' title='bbox 815 768 892 848; x_wconf 75' lang='grc' dir='ltr'><strong><em>έν</em></strong></span> <span class='ocrx_word' id='word_1_50' title='bbox 864 807 892 871; x_wconf 78' lang='grc' dir='ltr'><em>ῳ</em></span> <span class='ocrx_word' id='word_1_51' title='bbox 887 774 967 872; x_wconf 76' lang='grc' dir='ltr'><strong><em>τὴν</em></strong></span> <span class='ocrx_word' id='word_1_52' title='bbox 981 780 1157 848; x_wconf 79' lang='grc' dir='ltr'><strong><em>έιιιούσαν</em></strong></span> 
     </span>
     <span class='ocr_line' id='line_1_8' title="bbox 172 854 919 971; baseline -0.003 -19"><span class='ocrx_word' id='word_1_53' title='bbox 172 879 278 953; x_wconf 82' lang='grc' dir='ltr'><strong><em>νύκτα</em></strong></span> <span class='ocrx_word' id='word_1_54' title='bbox 296 877 415 971; x_wconf 84' lang='grc' dir='ltr'><strong><em>ἀποροι</em></strong></span> <span class='ocrx_word' id='word_1_55' title='bbox 432 885 501 952; x_wconf 74' lang='grc' dir='ltr'><strong><em>τῶν</em></strong></span> <span class='ocrx_word' id='word_1_56' title='bbox 517 876 713 969; x_wconf 74' lang='grc' dir='ltr'><strong><em>ἀναγκαίων</em></strong></span> <span class='ocrx_word' id='word_1_57' title='bbox 728 854 919 968; x_wconf 86' lang='grc' dir='ltr'><strong><em>ηύλίσαύτο.</em></strong></span> 
     </span>
     <span class='ocr_line' id='line_1_9' title="bbox 249 977 1180 1102; baseline -0.001 -51"><span class='ocrx_word' id='word_1_58' title='bbox 249 983 337 1051; x_wconf 84' lang='lat' dir='ltr'><strong>XXI.</strong></span> <span class='ocrx_word' id='word_1_59' title='bbox 377 987 424 1072; x_wconf 88' lang='grc' dir='ltr'><strong><em>Τη</em></strong></span> <span class='ocrx_word' id='word_1_60' title='bbox 444 978 474 1052; x_wconf 91' lang='lat'><strong><em>6</em></strong></span> <span class='ocrx_word' id='word_1_61' title='bbox 496 984 570 1071; x_wconf 79' lang='grc' dir='ltr'><strong><em>ἑξῆς</em></strong></span> <span class='ocrx_word' id='word_1_62' title='bbox 583 977 690 1073; x_wconf 78' lang='grc' dir='ltr'><strong><em>ἡμέρᾳ</em></strong></span> <span class='ocrx_word' id='word_1_63' title='bbox 703 978 869 1070; x_wconf 74' lang='grc' dir='ltr'><strong><em>μαθόντες</em></strong></span> <span class='ocrx_word' id='word_1_64' title='bbox 882 979 946 1068; x_wconf 79' lang='grc' dir='ltr'><strong><em>τὴν</em></strong></span> <span class='ocrx_word' id='word_1_65' title='bbox 958 984 1180 1102; x_wconf 46' lang='grc' dir='ltr'><strong><em>κατασχοῦή</em></strong></span> 
     </span>
     <span class='ocr_line' id='line_1_10' title="bbox 173 1078 1152 1202; baseline 0 -50"><span class='ocrx_word' id='word_1_66' title='bbox 173 1104 237 1155; x_wconf 90' lang='grc' dir='ltr'><strong><em>σαν</em></strong></span> <span class='ocrx_word' id='word_1_67' title='bbox 254 1084 331 1166; x_wconf 77' lang='grc' dir='ltr'><strong><em>τοὺς</em></strong></span> <span class='ocrx_word' id='word_1_68' title='bbox 349 1081 586 1174; x_wconf 77' lang='grc' dir='ltr'><strong><em>σφετέρους</em></strong></span> <span class='ocrx_word' id='word_1_69' title='bbox 544 1110 681 1172; x_wconf 87' lang='grc' dir='ltr'><strong><em>τνχηνο</em></strong></span> <span class='ocrx_word' id='word_1_70' title='bbox 683 1078 948 1202; x_wconf 84' lang='grc' dir='ltr'><strong><em>ίκατέχοντες</em></strong></span> <span class='ocrx_word' id='word_1_71' title='bbox 914 1110 952 1153; x_wconf 88' lang='grc' dir='ltr'><strong><em>το</em></strong></span> <span class='ocrx_word' id='word_1_72' title='bbox 965 1080 1152 1173; x_wconf 85' lang='grc' dir='ltr'><strong><em>φρούριον,</em></strong></span> 
     </span>
     <span class='ocr_line' id='line_1_11' title="bbox 123 1181 1154 1274; baseline 0.004 -24"><span class='ocrx_word' id='word_1_73' title='bbox 123 1203 155 1252; x_wconf 85' lang='grc' dir='ltr'><strong><em>ιο</em></strong></span> <span class='ocrx_word' id='word_1_74' title='bbox 173 1183 265 1254; x_wconf 73' lang='grc' dir='ltr'><strong><em>καὶ”</em></strong></span> <span class='ocrx_word' id='word_1_75' title='bbox 247 1214 298 1256; x_wconf 93' lang='grc' dir='ltr'><strong><em>οτι</em></strong></span> <span class='ocrx_word' id='word_1_76' title='bbox 315 1214 352 1255; x_wconf 93' lang='grc' dir='ltr'><strong><em>το</em></strong></span> <span class='ocrx_word' id='word_1_77' title='bbox 339 1183 432 1274; x_wconf 72' lang='grc' dir='ltr'><strong><em>μὲν</em></strong></span> <span class='ocrx_word' id='word_1_78' title='bbox 449 1193 566 1256; x_wconf 87' lang='grc' dir='ltr'><strong><em>πλείου</em></strong></span> <span class='ocrx_word' id='word_1_79' title='bbox 582 1181 736 1256; x_wconf 85' lang='grc' dir='ltr'><strong><em>ἀπόλωλε</em></strong></span> <span class='ocrx_word' id='word_1_80' title='bbox 751 1187 811 1272; x_wconf 77' lang='grc' dir='ltr'><strong><em>τῆς</em></strong></span> <span class='ocrx_word' id='word_1_81' title='bbox 824 1186 978 1271; x_wconf 78' lang='grc' dir='ltr'><strong><em>στρατιᾶς</em></strong></span> <span class='ocrx_word' id='word_1_82' title='bbox 991 1187 1090 1273; x_wconf 85' lang='grc' dir='ltr'><strong><em>μέρος</em></strong></span> <span class='ocrx_word' id='word_1_83' title='bbox 1106 1187 1154 1254; x_wconf 87' lang='grc' dir='ltr'><strong><em>έν</em></strong></span> 
     </span>
     <span class='ocr_line' id='line_1_12' title="bbox 172 1283 1153 1378; baseline 0.002 -22"><span class='ocrx_word' id='word_1_84' title='bbox 172 1303 244 1369; x_wconf 82' lang='grc' dir='ltr'><strong><em>ταῖς</em></strong></span> <span class='ocrx_word' id='word_1_85' title='bbox 262 1285 448 1378; x_wconf 78' lang='grc' dir='ltr'><strong><em>ἁρπαγαῖς,</em></strong></span> <span class='ocrx_word' id='word_1_86' title='bbox 466 1314 503 1356; x_wconf 93' lang='grc' dir='ltr'><strong><em>το</em></strong></span> <span class='ocrx_word' id='word_1_87' title='bbox 492 1284 560 1356; x_wconf 72' lang='grc' dir='ltr'><strong><em>δὲ</em></strong></span> <span class='ocrx_word' id='word_1_88' title='bbox 577 1283 755 1375; x_wconf 75' lang='grc' dir='ltr'><strong><em>κράτιστον</em></strong></span> <span class='ocrx_word' id='word_1_89' title='bbox 773 1283 846 1356; x_wconf 81' lang='grc' dir='ltr'><strong><em>έν”</em></strong></span> <span class='ocrx_word' id='word_1_90' title='bbox 827 1313 900 1377; x_wconf 90' lang='grc' dir='ltr'><strong><em>ορει</em></strong></span> <span class='ocrx_word' id='word_1_91' title='bbox 917 1294 1153 1376; x_wconf 71' lang='grc' dir='ltr'><strong><em>πολιορκεῖται</em></strong></span> 
     </span>
     <span class='ocr_line' id='line_1_13' title="bbox 172 1384 1151 1512; baseline 0 -54"><span class='ocrx_word' id='word_1_92' title='bbox 172 1392 491 1477; x_wconf 80' lang='grc' dir='ltr'><strong><em>κατακεκλεισμένον</em></strong></span> <span class='ocrx_word' id='word_1_93' title='bbox 510 1385 635 1512; x_wconf 77' lang='grc' dir='ltr'><strong><em>ἐρήμῳ,</em></strong></span> <span class='ocrx_word' id='word_1_94' title='bbox 653 1390 711 1458; x_wconf 81' lang='grc' dir='ltr'><strong><em>καὶ</em></strong></span> <span class='ocrx_word' id='word_1_95' title='bbox 728 1395 760 1458; x_wconf 83' lang='grc' dir='ltr'><strong><em>εί</em></strong></span> <span class='ocrx_word' id='word_1_96' title='bbox 776 1385 821 1477; x_wconf 81' lang='grc' dir='ltr'><strong><em>μὴ</em></strong></span> <span class='ocrx_word' id='word_1_97' title='bbox 834 1384 949 1477; x_wconf 83' lang='grc' dir='ltr'><strong><em>ταχεϊά</em></strong></span> <span class='ocrx_word' id='word_1_98' title='bbox 962 1416 1013 1468; x_wconf 88' lang='grc' dir='ltr'><strong><em>τις</em></strong></span> <span class='ocrx_word' id='word_1_99' title='bbox 1026 1384 1151 1470; x_wconf 69' lang='grc' dir='ltr'><strong><em>αὐτοῖς</em></strong></span> 
     </span>
     <span class='ocr_line' id='line_1_14' title="bbox 173 1485 1151 1582; baseline 0.001 -22"><span class='ocrx_word' id='word_1_100' title='bbox 173 1497 264 1562; x_wconf 79' lang='grc' dir='ltr'><strong><em>ἔσται</em></strong></span> <span class='ocrx_word' id='word_1_101' title='bbox 282 1488 442 1581; x_wconf 78' lang='grc' dir='ltr'><strong><em>βοήθεια,</em></strong></span> <span class='ocrx_word' id='word_1_102' title='bbox 474 1488 595 1561; x_wconf 85' lang='grc' dir='ltr'><strong><em>σπάνει</em></strong></span> <span class='ocrx_word' id='word_1_103' title='bbox 621 1492 691 1561; x_wconf 75' lang='grc' dir='ltr'><strong><em>τοῖν</em></strong></span> <span class='ocrx_word' id='word_1_104' title='bbox 720 1485 916 1578; x_wconf 87' lang='grc' dir='ltr'><strong><em>ἀναγκαίων</em></strong></span> <span class='ocrx_word' id='word_1_105' title='bbox 945 1486 1151 1582; x_wconf 72' lang='grc' dir='ltr'><strong><em>φθάσουσιν</em></strong></span> 
     </span>
     <span class='ocr_line' id='line_1_15' title="bbox 175 1589 1148 1695; baseline -0.002 -31"><span class='ocrx_word' id='word_1_106' title='bbox 175 1595 419 1714; x_wconf 75' lang='grc' dir='ltr'><strong><em>ἐξαιρεθέντες,</em></strong></span> <span class='ocrx_word' id='word_1_107' title='bbox 452 1589 591 1683; x_wconf 77' lang='grc' dir='ltr'><strong><em>ἐξῄεσαν</em></strong></span> <span class='ocrx_word' id='word_1_108' title='bbox 614 1589 698 1662; x_wconf 75' lang='grc' dir='ltr'><strong><em>κιττοὶ</em></strong></span> <span class='ocrx_word' id='word_1_109' title='bbox 720 1589 875 1695; x_wconf 79' lang='grc' dir='ltr'><strong><em>σπουδὴν</em></strong></span> <span class='ocrx_word' id='word_1_110' title='bbox 898 1590 1033 1680; x_wconf 79' lang='grc' dir='ltr'><strong><em>ὀλίγους</em></strong></span> <span class='ocrx_word' id='word_1_111' title='bbox 1049 1589 1148 1662; x_wconf 77' lang='grc' dir='ltr'><strong><em>πάνυ</em></strong></span> 
     </span>
     <span class='ocr_line' id='line_1_16' title="bbox 123 1687 1151 1788; baseline 0.005 -29"><span class='ocrx_word' id='word_1_112' title='bbox 123 1707 154 1758; x_wconf 82' lang='lat'><strong><em>15</em></strong></span> <span class='ocrx_word' id='word_1_113' title='bbox 172 1692 408 1777; x_wconf 83' lang='grc' dir='ltr'><strong><em>καταλιπόντες</em></strong></span> <span class='ocrx_word' id='word_1_114' title='bbox 423 1699 460 1765; x_wconf 87' lang='grc' dir='ltr'><strong><em>ἐν</em></strong></span> <span class='ocrx_word' id='word_1_115' title='bbox 472 1721 519 1788; x_wconf 79' lang='grc' dir='ltr'><strong><em>τρι</em></strong></span> <span class='ocrx_word' id='word_1_116' title='bbox 504 1699 686 1788; x_wconf 79' lang='grc' dir='ltr'><strong><em>φρουρίῳ</em></strong></span> <span class='ocrx_word' id='word_1_117' title='bbox 703 1687 866 1782; x_wconf 81' lang='grc' dir='ltr'><strong><em>φύλακας.</em></strong></span> <span class='ocrx_word' id='word_1_118' title='bbox 898 1689 1011 1763; x_wconf 80' lang='grc' dir='ltr'><strong><em>καλ’</em></strong></span> <span class='ocrx_word' id='word_1_119' title='bbox 968 1691 1091 1775; x_wconf 83' lang='grc' dir='ltr'><strong><em>αυτούς</em></strong></span> <span class='ocrx_word' id='word_1_120' title='bbox 1108 1700 1151 1764; x_wconf 88' lang='grc' dir='ltr'><strong><em>οί</em></strong></span> 
     </span>
     <span class='ocr_line' id='line_1_17' title="bbox 178 1789 1146 1918; baseline -0.001 -52"><span class='ocrx_word' id='word_1_121' title='bbox 178 1798 345 1916; x_wconf 79' lang='grc' dir='ltr'><strong><em>Τμρρηνολ</em></strong></span> <span class='ocrx_word' id='word_1_122' title='bbox 362 1789 482 1916; x_wconf 86' lang='grc' dir='ltr'><strong><em>πρὶν</em></strong></span> <span class='ocrx_word' id='word_1_123' title='bbox 461 1824 482 1884; x_wconf 91' lang='grc' dir='ltr'><strong><em>η</em></strong></span> <span class='ocrx_word' id='word_1_124' title='bbox 499 1797 659 1885; x_wconf 77' lang='grc' dir='ltr'><strong><em>συμμίξαι</em></strong></span> <span class='ocrx_word' id='word_1_125' title='bbox 681 1813 750 1876; x_wconf 85' lang='grc' dir='ltr'><strong><em>τοῖς</em></strong></span> <span class='ocrx_word' id='word_1_126' title='bbox 773 1796 898 1887; x_wconf 81' lang='grc' dir='ltr'><strong><em>ἑτέροις</em></strong></span> <span class='ocrx_word' id='word_1_127' title='bbox 921 1798 1146 1918; x_wconf 79' lang='grc' dir='ltr'><strong><em>ἐπικατριδρα·</em></strong></span> 
     </span>
     <span class='ocr_line' id='line_1_18' title="bbox 172 1895 1153 1987; baseline 0 -18"><span class='ocrx_word' id='word_1_128' title='bbox 172 1896 289 1987; x_wconf 89' lang='grc' dir='ltr'><strong><em>μόντες</em></strong></span> <span class='ocrx_word' id='word_1_129' title='bbox 309 1901 407 1968; x_wconf 76' lang='grc' dir='ltr'><strong><em>ἐκ</em></strong></span> <span class='ocrx_word' id='word_1_130' title='bbox 362 1926 430 1969; x_wconf 91' lang='grc' dir='ltr'><strong><em>των</em></strong></span> <span class='ocrx_word' id='word_1_131' title='bbox 448 1904 581 1987; x_wconf 78' lang='grc' dir='ltr'><strong><em>χωρίων</em></strong></span> <span class='ocrx_word' id='word_1_132' title='bbox 594 1902 801 1968; x_wconf 75' lang='grc' dir='ltr'><strong><em>κυκλοῦνταί</em></strong></span> <span class='ocrx_word' id='word_1_133' title='bbox 810 1925 858 1987; x_wconf 88' lang='grc' dir='ltr'><strong><em>τε,</em></strong></span> <span class='ocrx_word' id='word_1_134' title='bbox 875 1897 932 1968; x_wconf 69' lang='lat' dir='ltr'><strong><em>nal</em></strong></span> <span class='ocrx_word' id='word_1_135' title='bbox 945 1895 1052 1967; x_wconf 86' lang='grc' dir='ltr'><strong><em>πολλά</em></strong></span> <span class='ocrx_word' id='word_1_136' title='bbox 1064 1925 1153 1987; x_wconf 89' lang='grc' dir='ltr'><strong><em>γεν-·</em></strong></span> 
     </span>
     <span class='ocr_line' id='line_1_19' title="bbox 172 1996 1144 2089; baseline 0.003 -22"><span class='ocrx_word' id='word_1_137' title='bbox 172 2014 252 2067; x_wconf 82' lang='grc' dir='ltr'><strong><em>ναία</em></strong></span> <span class='ocrx_word' id='word_1_138' title='bbox 277 2006 357 2087; x_wconf 77' lang='grc' dir='ltr'><strong><em>ἔργα</em></strong></span> <span class='ocrx_word' id='word_1_139' title='bbox 385 1998 669 2087; x_wconf 78' lang='grc' dir='ltr'><strong><em>ἀποδειξαμένους</em></strong></span> <span class='ocrx_word' id='word_1_140' title='bbox 700 2004 961 2089; x_wconf 76' lang='grc' dir='ltr'><strong><em>διαφθείρουσιν</em></strong></span> <span class='ocrx_word' id='word_1_141' title='bbox 990 1996 1144 2081; x_wconf 76' lang='grc' dir='ltr'><strong><em>ἅπαντας</em></strong></span> 
     </span>
     <span class='ocr_line' id='line_1_20' title="bbox 173 2095 1143 2193; baseline 0.004 -26"><span class='ocrx_word' id='word_1_142' title='bbox 173 2098 238 2169; x_wconf 81' lang='grc' dir='ltr'><strong><em>σύν</em></strong></span> <span class='ocrx_word' id='word_1_143' title='bbox 255 2096 373 2193; x_wconf 77' lang='grc' dir='ltr'><strong><em>χρόνῳ.</em></strong></span> <span class='ocrx_word' id='word_1_144' title='bbox 405 2095 479 2189; x_wconf 88' lang='grc' dir='ltr'><strong><em>μετ’</em></strong></span> <span class='ocrx_word' id='word_1_145' title='bbox 499 2098 540 2170; x_wconf 85' lang='grc' dir='ltr'><strong><em>ού</em></strong></span> <span class='ocrx_word' id='word_1_146' title='bbox 558 2098 646 2170; x_wconf 84' lang='grc' dir='ltr'><strong><em>πολύ</em></strong></span> <span class='ocrx_word' id='word_1_147' title='bbox 664 2100 702 2170; x_wconf 69' lang='grc' dir='ltr'><strong><em>δὲ</em></strong></span> <span class='ocrx_word' id='word_1_148' title='bbox 718 2102 774 2170; x_wconf 79' lang='grc' dir='ltr'><strong><em>καὶ</em></strong></span> <span class='ocrx_word' id='word_1_149' title='bbox 793 2105 829 2171; x_wconf 77' lang='lat' dir='ltr'><strong><em>oc</em></strong></span> <span class='ocrx_word' id='word_1_150' title='bbox 842 2099 902 2172; x_wconf 87' lang='grc' dir='ltr'><strong><em>τόν</em></strong></span> <span class='ocrx_word' id='word_1_151' title='bbox 919 2098 1025 2190; x_wconf 92' lang='grc' dir='ltr'><strong><em>λόφον</em></strong></span> <span class='ocrx_word' id='word_1_152' title='bbox 1041 2130 1143 2171; x_wconf 90' lang='grc' dir='ltr'><strong><em>κατα-</em></strong></span> 
     </span>
     <span class='ocr_line' id='line_1_21' title="bbox 121 2199 1143 2295; baseline 0.004 -25"><span class='ocrx_word' id='word_1_153' title='bbox 121 2214 155 2263; x_wconf 80' lang='lat'><strong><em>20</em></strong></span> <span class='ocrx_word' id='word_1_154' title='bbox 172 2199 352 2290; x_wconf 82' lang='grc' dir='ltr'><strong><em>λαβόμενοι</em></strong></span> <span class='ocrx_word' id='word_1_155' title='bbox 369 2206 454 2295; x_wconf 75' lang='grc' dir='ltr'><strong><em>λιμῷ</em></strong></span> <span class='ocrx_word' id='word_1_156' title='bbox 471 2229 508 2272; x_wconf 86' lang='grc' dir='ltr'><strong><em>τε</em></strong></span> <span class='ocrx_word' id='word_1_157' title='bbox 525 2203 582 2272; x_wconf 79' lang='grc' dir='ltr'><strong><em>καὶ</em></strong></span> <span class='ocrx_word' id='word_1_158' title='bbox 600 2205 684 2293; x_wconf 76' lang='grc' dir='ltr'><strong><em>δίψη</em></strong></span> <span class='ocrx_word' id='word_1_159' title='bbox 701 2200 887 2291; x_wconf 74' lang='grc' dir='ltr'><strong><em>πιεζόμενοι</em></strong></span> <span class='ocrx_word' id='word_1_160' title='bbox 900 2201 1001 2293; x_wconf 87' lang='grc' dir='ltr'><strong><em>ὁμόσε</em></strong></span> <span class='ocrx_word' id='word_1_161' title='bbox 1017 2218 1143 2293; x_wconf 78' lang='grc' dir='ltr'><strong><em>χωρεῖν</em></strong></span> 
     </span>
     <span class='ocr_line' id='line_1_22' title="bbox 171 2300 1143 2397; baseline 0.002 -24"><span class='ocrx_word' id='word_1_162' title='bbox 171 2317 239 2385; x_wconf 81' lang='grc' dir='ltr'><strong><em>τοῖς</em></strong></span> <span class='ocrx_word' id='word_1_163' title='bbox 257 2310 426 2393; x_wconf 87' lang='grc' dir='ltr'><strong><em>πολεμίοις</em></strong></span> <span class='ocrx_word' id='word_1_164' title='bbox 440 2312 606 2393; x_wconf 83' lang='grc' dir='ltr'><strong><em>ἔγνωσαν·</em></strong></span> <span class='ocrx_word' id='word_1_165' title='bbox 626 2305 683 2374; x_wconf 77' lang='grc' dir='ltr'><strong><em>καὶ</em></strong></span> <span class='ocrx_word' id='word_1_166' title='bbox 696 2302 923 2395; x_wconf 86' lang='grc' dir='ltr'><strong><em>συμπεσόντες</em></strong></span> <span class='ocrx_word' id='word_1_167' title='bbox 934 2300 1044 2394; x_wconf 87' lang='grc' dir='ltr'><strong><em>ὀλίγοι</em></strong></span> <span class='ocrx_word' id='word_1_168' title='bbox 1056 2302 1143 2397; x_wconf 82' lang='grc' dir='ltr'><strong><em>πρός</em></strong></span> 
     </span>
     <span class='ocr_line' id='line_1_23' title="bbox 171 2401 1138 2497; baseline 0.002 -22"><span class='ocrx_word' id='word_1_169' title='bbox 171 2404 314 2487; x_wconf 79' lang='grc' dir='ltr'><strong><em>πολλοὺς</em></strong></span> <span class='ocrx_word' id='word_1_170' title='bbox 344 2410 453 2478; x_wconf 73' lang='grc' dir='ltr'><strong><em>ἕωθεν</em></strong></span> <span class='ocrx_word' id='word_1_171' title='bbox 482 2401 662 2497; x_wconf 80' lang='grc' dir='ltr'><strong><em>ἀρξάμενοι</em></strong></span> <span class='ocrx_word' id='word_1_172' title='bbox 690 2409 786 2496; x_wconf 89' lang='grc' dir='ltr'><strong><em>μέχρι</em></strong></span> <span class='ocrx_word' id='word_1_173' title='bbox 816 2406 938 2489; x_wconf 87' lang='grc' dir='ltr'><strong><em>νυκτός</em></strong></span> <span class='ocrx_word' id='word_1_174' title='bbox 962 2404 1138 2496; x_wconf 83' lang='grc' dir='ltr'><strong><em>έμύχοντο·</em></strong></span> 
     </span>
     <span class='ocr_line' id='line_1_24' title="bbox 171 2504 1140 2598; baseline 0.005 -23"><span class='ocrx_word' id='word_1_175' title='bbox 171 2510 228 2576; x_wconf 80' lang='grc' dir='ltr'><strong><em>καὶ</em></strong></span> <span class='ocrx_word' id='word_1_176' title='bbox 251 2512 413 2579; x_wconf 84' lang='grc' dir='ltr'><strong><em>τοσοῦτον</em></strong></span> <span class='ocrx_word' id='word_1_177' title='bbox 436 2511 512 2578; x_wconf 86' lang='grc' dir='ltr'><strong><em>έποί</em></strong></span> <span class='ocrx_word' id='word_1_178' title='bbox 498 2517 599 2597; x_wconf 88' lang='grc' dir='ltr'><strong><em>ίησαν</em></strong></span> <span class='ocrx_word' id='word_1_179' title='bbox 623 2513 691 2578; x_wconf 71' lang='grc' dir='ltr'><strong><em>τῶν</em></strong></span> <span class='ocrx_word' id='word_1_180' title='bbox 713 2515 884 2598; x_wconf 88' lang='grc' dir='ltr'><strong><em>πολεμίων</em></strong></span> <span class='ocrx_word' id='word_1_181' title='bbox 900 2506 1024 2598; x_wconf 90' lang='grc' dir='ltr'><strong><em>φόνον,</em></strong></span> <span class='ocrx_word' id='word_1_182' title='bbox 1053 2504 1140 2581; x_wconf 74' lang='grc' dir='ltr'><strong><em>ὥστε</em></strong></span> 
     </span>
     <span class='ocr_line' id='line_1_25' title="bbox 169 2606 1141 2700; baseline 0.002 -23"><span class='ocrx_word' id='word_1_183' title='bbox 169 2607 247 2689; x_wconf 83' lang='grc' dir='ltr'><strong><em>τοὺς</em></strong></span> <span class='ocrx_word' id='word_1_184' title='bbox 265 2606 395 2700; x_wconf 81' lang='grc' dir='ltr'><strong><em>σωρούς</em></strong></span> <span class='ocrx_word' id='word_1_185' title='bbox 417 2638 486 2681; x_wconf 91' lang='grc' dir='ltr'><strong><em>των</em></strong></span> <span class='ocrx_word' id='word_1_186' title='bbox 508 2637 640 2699; x_wconf 89' lang='grc' dir='ltr'><strong><em>νεκρων</em></strong></span> <span class='ocrx_word' id='word_1_187' title='bbox 665 2608 821 2698; x_wconf 79' lang='grc' dir='ltr'><strong><em>έμποδδιν</em></strong></span> <span class='ocrx_word' id='word_1_188' title='bbox 843 2606 958 2693; x_wconf 81' lang='grc' dir='ltr'><strong><em>αύτολς</em></strong></span> <span class='ocrx_word' id='word_1_189' title='bbox 977 2610 1121 2684; x_wconf 82' lang='grc' dir='ltr'><strong><em>εἶναι</em></strong></span> <span class='ocrx_word' id='word_1_190' title='bbox 1080 2638 1141 2700; x_wconf 86' lang='grc' dir='ltr'><strong><em>της</em></strong></span> 
     </span>
     <span class='ocr_line' id='line_1_26' title="bbox 119 2708 1184 2841; baseline 0.004 -60"><span class='ocrx_word' id='word_1_191' title='bbox 119 2730 153 2781; x_wconf 78' lang='lat'><strong><em>25</em></strong></span> <span class='ocrx_word' id='word_1_192' title='bbox 170 2708 275 2831; x_wconf 79' lang='grc' dir='ltr'><strong><em>μάχης</em></strong></span> <span class='ocrx_word' id='word_1_193' title='bbox 299 2717 450 2841; x_wconf 67' lang='lat'>6666666</span> <span class='ocrx_word' id='word_1_194' title='bbox 475 2711 686 2801; x_wconf 85' lang='grc' dir='ltr'><strong><em>κεχυμένους.</em></strong></span> <span class='ocrx_word' id='word_1_195' title='bbox 723 2741 755 2782; x_wconf 92' lang='grc' dir='ltr'><strong><em>οι</em></strong></span> <span class='ocrx_word' id='word_1_196' title='bbox 748 2712 813 2783; x_wconf 72' lang='grc' dir='ltr'><strong><em>δὲ</em></strong></span> <span class='ocrx_word' id='word_1_197' title='bbox 834 2714 1003 2803; x_wconf 83' lang='grc' dir='ltr'><strong><em>Τυρρηνοὶ</em></strong></span> <span class='ocrx_word' id='word_1_198' title='bbox 1021 2722 1140 2783; x_wconf 80' lang='grc' dir='ltr'><strong><em>πλεῖον</em></strong></span> <span class='ocrx_word' id='word_1_199' title='bbox 1152 2735 1184 2785; x_wconf 87' lang='grc' dir='ltr'><strong><em>1ι</em></strong></span> 
     </span>
     <span class='ocr_line' id='line_1_27' title="bbox 171 2809 1139 2906; baseline 0.005 -26"><span class='ocrx_word' id='word_1_200' title='bbox 171 2838 192 2898; x_wconf 91' lang='grc' dir='ltr'><strong><em>η</em></strong></span> <span class='ocrx_word' id='word_1_201' title='bbox 215 2838 251 2880; x_wconf 94' lang='grc' dir='ltr'><strong><em>το</em></strong></span> <span class='ocrx_word' id='word_1_202' title='bbox 275 2819 389 2900; x_wconf 88' lang='grc' dir='ltr'><strong><em>τρίτον</em></strong></span> <span class='ocrx_word' id='word_1_203' title='bbox 412 2817 469 2901; x_wconf 82' lang='grc' dir='ltr'><strong><em>τῆς</em></strong></span> <span class='ocrx_word' id='word_1_204' title='bbox 498 2817 655 2902; x_wconf 82' lang='grc' dir='ltr'><strong><em>στρατιᾶς</em></strong></span> <span class='ocrx_word' id='word_1_205' title='bbox 683 2817 782 2906; x_wconf 88' lang='grc' dir='ltr'><strong><em>μέρος</em></strong></span> <span class='ocrx_word' id='word_1_206' title='bbox 806 2809 1056 2897; x_wconf 73' lang='grc' dir='ltr'><strong><em>ἀπολωλεκότες</em></strong></span> <span class='ocrx_word' id='word_1_207' title='bbox 1080 2817 1139 2885; x_wconf 85' lang='grc' dir='ltr'><strong><em>καὶ</em></strong></span> 
     </span>
     <span class='ocr_line' id='line_1_28' title="bbox 171 2913 1138 3005; baseline 0.004 -22"><span class='ocrx_word' id='word_1_208' title='bbox 171 2915 247 3000; x_wconf 86' lang='grc' dir='ltr'><strong><em>περὶ</em></strong></span> <span class='ocrx_word' id='word_1_209' title='bbox 270 2918 330 2984; x_wconf 84' lang='grc' dir='ltr'><strong><em>τοῦ</em></strong></span> <span class='ocrx_word' id='word_1_210' title='bbox 359 2918 477 2983; x_wconf 85' lang='grc' dir='ltr'><strong><em>λοιποῦ</em></strong></span> <span class='ocrx_word' id='word_1_211' title='bbox 509 2920 699 3004; x_wconf 86' lang='grc' dir='ltr'><strong><em>δείσαντες,</em></strong></span> <span class='ocrx_word' id='word_1_212' title='bbox 725 2913 845 3005; x_wconf 83' lang='grc' dir='ltr'><strong><em>μικρὸν</em></strong></span> <span class='ocrx_word' id='word_1_213' title='bbox 873 2913 1073 3005; x_wconf 77' lang='grc' dir='ltr'><strong><em>ἀνασχόντες</em></strong></span> <span class='ocrx_word' id='word_1_214' title='bbox 1095 2913 1138 2987; x_wconf 74' lang='grc' dir='ltr'><strong><em>τοὶ</em></strong></span> 
     </span>
     <span class='ocr_line' id='line_1_29' title="bbox 170 3011 1136 3109; baseline 0.006 -25"><span class='ocrx_word' id='word_1_215' title='bbox 170 3012 257 3085; x_wconf 79' lang='grc' dir='ltr'><strong><em>ὅπλα</em></strong></span> <span class='ocrx_word' id='word_1_216' title='bbox 282 3012 337 3085; x_wconf 80' lang='grc' dir='ltr'><strong><em>διὰ</em></strong></span> <span class='ocrx_word' id='word_1_217' title='bbox 363 3020 433 3085; x_wconf 78' lang='grc' dir='ltr'><strong><em>τῶν</em></strong></span> <span class='ocrx_word' id='word_1_218' title='bbox 467 3011 700 3104; x_wconf 72' lang='grc' dir='ltr'><strong><em>ἀνακλητικῶν</em></strong></span> <span class='ocrx_word' id='word_1_219' title='bbox 734 3015 1019 3107; x_wconf 79' lang='grc' dir='ltr'><strong><em>ἐπεκηρυκεύοντο</em></strong></span> <span class='ocrx_word' id='word_1_220' title='bbox 1054 3016 1136 3109; x_wconf 83' lang='grc' dir='ltr'><strong><em>πρός</em></strong></span> 
     </span>
     <span class='ocr_line' id='line_1_30' title="bbox 170 3112 1136 3243; baseline 0.007 -60"><span class='ocrx_word' id='word_1_221' title='bbox 170 3112 247 3197; x_wconf 82' lang='grc' dir='ltr'><strong><em>τούς</em></strong></span> <span class='ocrx_word' id='word_1_222' title='bbox 259 3113 397 3207; x_wconf 85' lang='grc' dir='ltr'><strong><em>ἀνδρας,</em></strong></span> <span class='ocrx_word' id='word_1_223' title='bbox 410 3114 528 3188; x_wconf 77' lang='grc' dir='ltr'><strong><em>ἄδειαν</em></strong></span> <span class='ocrx_word' id='word_1_224' title='bbox 541 3114 654 3199; x_wconf 80' lang='grc' dir='ltr'><strong><em>αὐτοῖς</em></strong></span> <span class='ocrx_word' id='word_1_225' title='bbox 665 3112 929 3243; x_wconf 76' lang='grc' dir='ltr'><strong><em>ὑπισχνούμενοι</em></strong></span> <span class='ocrx_word' id='word_1_226' title='bbox 940 3122 997 3190; x_wconf 84' lang='grc' dir='ltr'><strong><em>καὶ</em></strong></span> <span class='ocrx_word' id='word_1_227' title='bbox 1009 3125 1136 3207; x_wconf 91' lang='grc' dir='ltr'><strong><em>δίοδον,</em></strong></span> 
     </span>
     <span class='ocr_line' id='line_1_31' title="bbox 119 3212 1133 3338; baseline 0.004 -51"><span class='ocrx_word' id='word_1_228' title='bbox 119 3237 153 3287; x_wconf 79' lang='grc'><strong><em>30</em></strong></span> <span class='ocrx_word' id='word_1_229' title='bbox 172 3213 281 3338; x_wconf 75' lang='lat'><strong><em>666</em></strong></span> <span class='ocrx_word' id='word_1_230' title='bbox 247 3243 287 3285; x_wconf 94' lang='grc' dir='ltr'><strong><em>τα</em></strong></span> <span class='ocrx_word' id='word_1_231' title='bbox 305 3212 391 3287; x_wconf 79' lang='grc' dir='ltr'><strong><em>ὅπλα</em></strong></span> <span class='ocrx_word' id='word_1_232' title='bbox 408 3214 604 3291; x_wconf 76' lang='grc' dir='ltr'><strong><em>ἀποθωνται</em></strong></span> <span class='ocrx_word' id='word_1_233' title='bbox 627 3218 738 3289; x_wconf 79' lang='grc' dir='ltr'><strong><em>καί</em></strong></span> <span class='ocrx_word' id='word_1_234' title='bbox 706 3248 743 3289; x_wconf 92' lang='grc' dir='ltr'><strong><em>το</em></strong></span> <span class='ocrx_word' id='word_1_235' title='bbox 760 3218 926 3312; x_wconf 85' lang='grc' dir='ltr'><strong><em>φρούριον</em></strong></span> <span class='ocrx_word' id='word_1_236' title='bbox 944 3223 1133 3292; x_wconf 78' lang='grc' dir='ltr'><strong><em>ἐκλίπωσιν</em></strong></span> 
     </span>
     <span class='ocr_line' id='line_1_32' title="bbox 35 3314 1134 3414; baseline 0.01 -32"><span class='ocrx_word' id='word_1_237' title='bbox 35 3329 38 3334; x_wconf 83' lang='grc'><em>“</em></span> <span class='ocrx_word' id='word_1_238' title='bbox 170 3314 211 3385; x_wconf 90' lang='lat'><strong><em>06</em></strong></span> <span class='ocrx_word' id='word_1_239' title='bbox 230 3321 507 3408; x_wconf 79' lang='grc' dir='ltr'><strong><em>προσδεξαμένων</em></strong></span> <span class='ocrx_word' id='word_1_240' title='bbox 530 3321 595 3391; x_wconf 72' lang='grc' dir='ltr'><strong><em>δὲ</em></strong></span> <span class='ocrx_word' id='word_1_241' title='bbox 592 3324 662 3391; x_wconf 75' lang='grc' dir='ltr'><strong><em>τῶν</em></strong></span> <span class='ocrx_word' id='word_1_242' title='bbox 683 3316 821 3413; x_wconf 88' lang='grc' dir='ltr'><strong><em>ἀνδρων</em></strong></span> <span class='ocrx_word' id='word_1_243' title='bbox 844 3321 902 3404; x_wconf 81' lang='grc' dir='ltr'><strong><em>τοὶς</em></strong></span> <span class='ocrx_word' id='word_1_244' title='bbox 925 3321 1134 3414; x_wconf 80' lang='grc' dir='ltr'><strong><em>προκλήσεις,</em></strong></span> 
     </span>
     <span class='ocr_line' id='line_1_33' title="bbox 170 3413 1134 3516; baseline 0.011 -30"><span class='ocrx_word' id='word_1_245' title='bbox 170 3413 254 3491; x_wconf 78' lang='grc' dir='ltr'><strong><em>ἀλλὰ</em></strong></span> <span class='ocrx_word' id='word_1_246' title='bbox 271 3416 330 3489; x_wconf 89' lang='grc' dir='ltr'><strong><em>τόν</em></strong></span> <span class='ocrx_word' id='word_1_247' title='bbox 348 3417 472 3509; x_wconf 76' lang='grc' dir='ltr'><strong><em>εὐγενῆ</em></strong></span> <span class='ocrx_word' id='word_1_248' title='bbox 488 3420 639 3493; x_wconf 70' lang='grc' dir='ltr'><strong><em>θάνατον</em></strong></span> <span class='ocrx_word' id='word_1_249' title='bbox 661 3426 888 3516; x_wconf 77' lang='grc' dir='ltr'><strong><em>αἱρουμένων,</em></strong></span> <span class='ocrx_word' id='word_1_250' title='bbox 914 3420 1118 3516; x_wconf 77' lang='grc' dir='ltr'><strong><em>έπῄεσαν’</em></strong></span> <span class='ocrx_word' id='word_1_251' title='bbox 1076 3454 1134 3497; x_wconf 87' lang='grc' dir='ltr'><strong><em>αν·</em></strong></span> 
     </span>
    </p>
   </div>
   <div class='ocr_carea' id='block_1_3' title="bbox 0 0 1196 3850">
    <p class='ocr_par' dir='ltr' id='par_1_3' title="bbox 0 0 1196 3850">
     <span class='ocr_line' id='line_1_34' title="bbox 0 0 1196 3850; baseline 0 1"><span class='ocrx_word' id='word_1_252' title='bbox 0 0 1196 3850; x_wconf 95' lang='lat' dir='ltr'><strong><em> </em></strong></span> 
     </span>
    </p>
   </div>
  </div>
 </body>
</html>
