2384 3850
435 127 636 186 -6-
906 95 1021 194 ’τω

35 292 121 368 ὄντα
142 295 280 385 λέγειν,
304 297 361 366 καὶ
378 293 442 367 ὅσα
459 296 608 389 τολμηρὰ
626 304 708 389 ἔργα
725 302 782 369 καί
799 299 1020 392 ἐνθυμήματα

35 401 140 488 ἕτερα
154 400 356 488 στρατηγοάν
375 403 505 491 ίστορίρι
522 420 558 470 τε·
576 402 632 470 καλ
650 408 750 493 πείρα
768 402 1019 492 παραλαβόντες

36 507 178 589 ἔχομεν,
199 495 256 588 ἐφ’
275 494 326 582 οἷς
349 498 462 583 οὐδεὶς
480 498 614 574 πύποτε
636 505 705 573 τοῖν
723 507 945 586 ψευσθέντων
961 510 1019 596 τῆς

37 605 183 682 ἐλπίδος
200 597 326 691 ὑπέσχε
344 608 449 686 δίκας.
479 608 511 674 εί
522 600 567 694 μὴ
584 599 650 694 άρα
664 610 730 695 ἔχει
743 633 793 686 τις
805 599 902 695 ὑμῶν
913 605 1018 676 αίτιά-

36 709 178 774 σασθαί
192 729 251 791 με,
274 702 327 774 ότι
342 702 525 794 προβαλὼν
541 702 621 788 τούς
638 703 762 787 άλλους
780 713 827 788 είς
844 698 1017 796 προῦπτον
1055 735 1071 784 5

36 801 203 894 ὄλεθρον,
221 800 322 888 αύτός
340 807 402 890 ἔξω
418 809 481 877 τού
498 804 662 878 κινδύνου
678 807 716 879 τὸ
740 811 835 898 σῶμα
853 808 951 898 εἶχον.
989 817 1020 880 εί

39 907 73 976 δὲ
90 902 186 996 μετὰ
202 904 340 978 πάντων
356 935 393 978 τε
410 907 610 998 ἐξηταζόμην
627 909 683 979 καὶ
705 919 895 994 τελευταῖος
911 906 1019 999 άπηλ-

38 1006 214 1098 λαττόμην
231 1010 286 1080 καὶ
304 1013 363 1098 τῆς
381 1004 485 1099 αὐτῆς
502 1027 570 1094 τοῖς
588 1007 702 1095 ἄλλοις
727 1028 878 1103 μετεῖχον
903 1009 1018 1103 τύχης,

39 1119 70 1182 τί
86 1109 222 1194 ἀδικοῖς
240 1112 297 1181 καὶ
315 1113 393 1202 περὶ
410 1112 473 1201 μὲν
490 1115 572 1202 ἐμοῦ
589 1109 692 1186 ταῦθ’
712 1111 812 1186 ἱκανά
831 1111 991 1206 εἰρήσθω.

14 1229 33 1278 ³1
124 1210 265 1282 XXXII.
300 1214 387 1304 Περί
415 1214 452 1284 δὲ
474 1217 534 1303 τῆς
563 1220 688 1305 βουλῆς
712 1219 769 1286 καὶ
799 1220 880 1286 τῶν·
897 1243 1017 1307 πατρι-
1036 1244 1098 1299 10*

42 1323 138 1404 κίων,
158 1310 326 1402 ἐπειδὴ
294 1343 331 1386 το
349 1311 464 1386 κοινάν
480 1309 579 1405 ύμων
595 1332 703 1406 μῖσος,
721 1312 739 1386 ὁ
733 1315 866 1387 διά
831 1346 894 1406 την
907 1326 1018 1388 κωλυ-
1162 1330 1166 1338 ’

41 1430 169 1488 θεῖσαν
186 1421 392 1542 κληρουχίαν
409 1421 517 1507 ἔχετε,
536 1418 592 1488 καὶ
611 1417 668 1507 ἐμὲ
685 1426 802 1507 λυπεῖ,
827 1421 884 1488 καί
901 1414 1016 1490 06666

43 1517 229 1609 κατήγορος
247 1515 328 1590 αύτὸ
347 1509 580 1608 ἀπεκρύψατο,
606 1514 691 1589 άλλόι
708 1522 807 1609 μέρος
824 1517 887 1591 οὐκ
906 1518 1017 1610 ἐλάχι-

42 1643 122 1693 στον
137 1617 367 1744 ἐποιησατο
326 1647 385 1709 της
399 1623 479 1712 ἐμῆς
488 1626 700 1711 κατηγορίας,
713 1619 877 1710 βούλομαι
890 1623 1017 1711 βραχέα

43 1731 154 1794 εἰπεῖν
172 1720 255 1848 αρὸς
273 1715 371 1811 ύμοῖς.
395 1723 544 1794 ἔσταιδέ
561 1719 645 1813 μετά
662 1719 881 1812 παρρησίας
866 1750 884 1792 ο
901 1719 1014 1849 λόχος
1035 1751 1067 1805 ις

42 1822 151 1908 άλλως
170 1822 235 1914 γάρ
253 1819 329 1896 οὔτ’
354 1817 397 1894 ἂν
420 1823 485 1951 ἐγώ
510 1830 678 1915 δυναίμην
700 1827 811 1913 λέγειν
828 1819 911 1895 οὔθ’
933 1823 1016 1914 ὑμῖν

44 1924 182 2001 ἀκούειν
204 1929 378 2017 συμφέροι.
413 1924 455 1996 ού
480 1931 593 1997 δίκαια
618 1943 744 1999 ποιεῖτε
767 1921 845 1999 066’
869 1922 1015 2018 όσια,ω

45 2028 206 2120 δημόται,
233 2057 301 2100 των
319 2020 436 2118 μεν
400 2050 602 2120 ευεργεσιων
618 2025 658 2113 ἃς
676 2028 820 2122 εὕρεσθε
843 2029 935 2122 παρὰ
956 2032 1015 2120 τῆς

44 2135 170 2221 βουλῆς
188 2134 323 2203 πολλῶν
340 2126 453 2201 ούσῶν
467 2132 522 2201 καὶ
535 2128 746 2254 μεγάλων’
708 2160 772 2203 ουκ
789 2131 915 2217 είδότες
930 2127 1015 2224 αὐτῇ

43 2233 158 2324 χάριν
184 2238 216 2303 εί
233 2234 320 2303 δέτι
338 2226 545 2321 δεομένοις
525 2247 607 2354 υμῖγ
626 2234 659 2315 ἐξ
677 2260 719 2302 ον
707 2222 1014 2323 συγχωρηθέντος
1032 2261 1066 2311 20

44 2334 172 2425 μεγάλα
190 2328 402 2422 βλάπτοιτ’
381 2363 425 2405 αν
448 2330 485 2404 τό
503 2330 635 2457 κρινόν,
660 2330 702 2404 ού
719 2340 900 2422 φθονοῦσα
918 2328 1013 2457 ὑμῖν,

44 2434 127 2507 ἄλλα
152 2434 189 2507 τὸ
213 2438 449 2525 συμφέρον
410 2464 468 2525 της
492 2432 621 2517 πόλεως
645 2429 779 2526 ὁρῶσα,
806 2431 1013 2524 ἠναντιώθη,

44 2546 143 2611 τούτο
163 2534 207 2609 δι’
228 2535 330 2627 ὀργῆς
348 2536 585 2627 λαμβάνοντες.
613 2542 684 2609 ἔδει
702 2537 741 2608 66
762 2530 849 2626 ύμάς
871 2533 1014 2625 μάλιστα

45 2634 149 2729 μὲν
123 2666 170 2721 ως
187 2634 253 2711 άπὸ
269 2644 330 2710 τοῦ
346 2646 526 2765 κρατίστου
543 2638 583 2711 τά
607 2636 820 2729 βουλεύματα
838 2632 940 2727 αὐτῆς
956 2666 1015 2726 γε·

45 2741 171 2832 νόμενα
188 2742 245 2811 καὶ
263 2742 316 2813 ἐπὶ
339 2743 388 2835 τῷ
404 2738 541 2814 πάντων
564 2737 685 2836 ἀγαθῷ
709 2736 948 2864 δεχομένονς’
930 2766 1015 2812 ατο·
1031 2765 1066 2815 τε

17 2847 164 2933 υστῆναι
181 2849 240 2932 τῆς
256 2812 423 2931 σπουδης
461 2850 492 2915 εί
516 2843 553 2913 δὲ
575 2840 739 2915 ιἰδύνατοι
760 2831 819 2931 ἦτε
837 2858 1015 2931 κατασχεῖν

47 2944 242 3037 ἀσύμφορον
260 2948 446 3034 ἐπιθυμίαν
468 2949 616 3040 λογισμῷ
641 2942 812 3036 σύφρονι,
841 2940 925 3068 μετὰ
954 2945 1015 3069 τού

49 3055 181 3119 πείθειν
197 3053 267 3117 τῶν
284 3043 399 3117 αὐτοῖν
415 3043 533 3129 ἀξιοῦν
549 3043 749 3137 τυγχάνειν,
767 3041 853 3117 ἄλλά
870 3041 915 3135 μὴ
931 3042 1014 3135 μετά

49 3154 105 3243 τού
123 3146 306 3238 βιάζεσθαι.
333 3153 372 3219 αί
385 3144 450 3239 γάρ
468 3145 614 3219 ἑκούσιοι
632 3149 757 3238 δωρεαὶ
773 3163 842 3230 τοῖς
859 3174 896 3217 τε
912 3173 1015 3237 προε-

51 3254 156 3340 μόνοις
167 3244 229 3340 ἡδί
226 3278 284 3332 ους
301 3252 370 3321 τιόν
388 3247 653 3340 ἠναγκασμένων
670 3254 753 3338 είσί,
771 3249 828 3319 καὶ
846 3264 915 3329 τοῖς
933 3257 1012 3338 λαμ·
1031 3272 1065 3323 30

53 3351 189 3441 βάουνσι
210 3348 422 3443 βεβαιότεραι
451 3359 520 3425 τοῖν
548 3349 594 3442 μη
619 3349 791 3423 τοιούτων.
822 3379 842 3421 ο
865 3377 912 3439 μα
934 3348 1014 3431 τούς

53 3453 148 3537 θεοὺς
166 3482 207 3525 ου
196 3449 398 3571 ’λογίζεσθε
414 3450 522 3546 ὑμεῖς,
540 3450 648 3525 οἰλλΗ
629 3450 696 3525 νπδ
708 3482 778 3525 των
791 3455 1012 3543 δημαγωγων,

98 3600 174 3638 mou.
186 3600 232 3637 111.
819 3563 859 3627 18
