2384 3850
529 50 732 111 ..ρ-

1173 123 1180 175 ί

145 224 193 317 μὴ
211 221 455 315 μετηνέγκαντο
471 219 512 293 τά
530 239 653 312 σημεῖα
671 220 715 303 τός
732 219 811 304 τοῦς
825 224 970 315 ἑτέρους,
987 228 1067 313 μιᾶς
1085 255 1123 299 τε

147 329 361 419 παρεμβολῆς
396 318 520 395 ἁλύσει
555 326 611 393 καὶ
644 320 718 405 ἑνός
748 319 880 419 όλέθρφ
912 330 1058 416 στρατοῦ
1087 327 1124 401 τδ
1180 347 1181 417 λ

147 430 302 518 νεμεσῶν
320 423 436 509 αὐτοῖς
454 424 630 517 δαιμόνιον
647 421 891 518 ἀπεπλήρωσεν
914 420 958 498 ἀν
972 426 1041 499 ’τδν
1066 427 1125 518 26-
1178 438 1181 509 λ

148 539 225 601 λον·
252 527 368 618 ἐπειδὴ
387 528 425 599 δέ
450 527 636 618 σοφώτεροι
659 530 727 599 των
750 530 844 599 θεῶν
869 528 956 599 εἶναι
983 534 1124 618 ζητοῦν-
1181 569 1182 635 χ

112 656 202 714 οτες
234 638 280 714 είς
314 629 374 701 τὸν
411 633 526 722 ἕτερον
568 628 698 721 χάρακα
738 632 1122 722 μετεστρατοπέδευσαν,
1181 644 1182 647 ’

149 731 389 814 καταλιπόντες
409 738 532 824 ἔρημον
549 728 608 801 τόν
626 730 746 820 τόπον,
766 726 809 814 ύς
827 727 867 801 ού
891 748 959 814 τοῖς
982 727 1124 822 ἀνθρά-
1182 791 1183 839 ,

145 862 221 918 ποις
254 836 316 905 τοῦ
343 838 428 905 θεοῦ
451 836 700 924 προδηλοῦντος
731 831 789 915 τὰς
813 830 1006 922 συμφοράς,
1036 832 1123 905 ἀλλὰ
1182 844 1183 893 ἶ

145 954 216 1017 τοῖς
234 934 359 1026 τόποις,
386 934 497 1016 κοινός
522 931 648 1005 άπασιν
669 929 784 1015 αῦτοίς
807 931 824 1003 ό
849 931 940 1024 παρά
963 939 1025 1005 τοῦ
1049 942 1123 1007 δαί-

146 1064 248 1126 μονος
265 1034 335 1125 ἥξει
353 1035 467 1126 χόλος,
492 1052 561 1117 τοῖς
578 1064 615 1107 τε
633 1030 845 1107 ἀπαναστᾶσι
868 1037 925 1105 καί
948 1052 1018 1117 τοῖς
1036 1036 1124 1109 ὑπο-
1183 1013 1184 1091 δ

96 1160 128 1209 10
150 1140 350 1225 δεξαμένοις.
388 1140 444 1207 καὶ
463 1136 579 1225 ἐπειδὴ
597 1135 726 1207 ἆλεόναι
744 1140 842 1226 σφων
858 1134 917 1207 τὸν
932 1140 1047 1229 ἕτερον
1065 1138 1123 1231 χά-

147 1266 234 1331 ρακα
258 1244 317 1330 βίᾳ
345 1246 443 1321 θείας
468 1236 748 1328 ἐπιθεσπιζούσης
770 1233 918 1327 ἀνάγκης
943 1234 985 1309 οῦ
1007 1246 1125 1332 περιέ·
1184 1235 1185 1315 ί

146 1367 267 1431 μειναν
289 1338 326 1410 τὸ
349 1339 475 1433 χρεάν,
508 1336 583 1410 ἀλλ’
613 1335 708 1411 αῦτοὶ
730 1343 925 1428 παρέδοσαν
963 1356 1034 1423 τοῖς
1071 1347 1123 1433 έχ-

146 1454 257 1534 θροίς,
276 1437 433 1524 ἐκεῖνοςό
452 1440 583 1532 χάραξὸ
601 1441 661 1512 τόν
680 1443 900 1531 ἐκλειφθέντα
916 1435 1123 1533 ῦποδεξάμε-
1185 1458 1186 1463 ’

145 1573 203 1626 νος
221 1539 296 1642 ἀντί
309 1549 369 1615 τοῦ
382 1546 663 1633 καταλειφθέντος
676 1541 841 1614 άλιόσεται
860 1550 919 1636 βίη
929 1554 1121 1633 κρατηθείς.

94 1666 127 1717 1⁶
225 1644 296 1716 VII.
347 1650 460 1716 Ταῦτα
495 1642 585 1734 παρά
619 1648 687 1715 τοῦν
713 1642 866 1735 μάντεων
889 1651 924 1715 οί
952 1652 1123 1737 Τυρρηνοί
1186 1679 1187 1683 ’

147 1745 364 1836 ἀκούσαντες,
382 1751 475 1838 μέρει
487 1750 554 1818 τινί
566 1748 625 1834 της
644 1748 775 1817 ἑαντιῦν
793 1749 947 1831 στρατιάς
964 1743 1031 1843 τὴν
1043 1751 1123 1839 ἐρη-

146 1863 322 1940 μωθεῖσαν
338 1847 404 1920 ῦπδ
422 1850 490 1918 τάν
502 1846 674 1939 Ῥωμαίων
691 1845 1004 1939 καταλαμβάνονται
1017 1869 1121 1941 στρα-

146 1959 324 2022 τοπεδείαν
342 1946 386 2031 οδς
405 1945 610 2041 ἐπιτείχισμα
628 1949 842 2041 ποιησόμενοι
854 1954 912 2041 τῆς
931 1951 1056 2042 ἑτέρας’
1076 1943 1120 2042 ἦν
1130 1971 1188 2025 1754

149 2052 187 2122 δέ
205 2050 296 2122 πάνυ
315 2047 436 2143 ἐχυρόν
452 2049 490 2122 τό
507 2059 633 2143 χωρίον
656 2055 713 2122 καί
735 2067 805 2135 τοῖς
829 2048 895 2122 ἀπὸ
916 2049 1041 2142 Ῥάμης
1065 2058 1122 2128 ἐπὶ

95 2173 129 2222 20
147 2150 185 2224 τό
210 2151 437 2243 στρατόπεδον
463 2157 552 2224 ίοῦσι
574 2151 753 2236 κωλύσεως
779 2158 817 2225 έν
840 2158 931 2250 καλῷ
952 2161 1119 2245 κείμενον.

147 2253 484 2346 πραγματευσάμενοι
508 2256 621 2326 δὲκαὶ
643 2245 763 2345 τάλλα,
789 2258 821 2340 ἐξ
846 2244 896 2328 οῦν
918 2257 1123 2347 πλεονεκτή-
1175 2349 1179 2354 .

148 2380 221 2428 σειν
244 2355 322 2440 τοῦς
345 2365 524 2448 πολεμίους
547 2364 703 2448 ἔμελλον,
731 2358 849 2446 ἐξῆγον
874 2364 921 2440 είς
939 2353 976 2428 τό
1000 2365 1122 2432 πεδίον

146 2458 206 2541 τὰς
226 2456 392 2549 δυνάμεις.
428 2457 602 2581 μενόντων
627 2460 664 2529 δὲ
686 2461 754 2528 των
771 2453 943 2549 Ῥωμαίων
961 2454 1019 2548 ἐφ’
1039 2457 1122 2549 ἡσν-

147 2567 238 2649 χίας,
263 2558 548 2653 προσιππεύοντες
567 2563 599 2644 έξ
613 2556 725 2631 αῦτοῦν
749 2565 785 2632 οί
799 2557 1037 2651 τολμηρότατοι
1065 2568 1121 2633 καί

98 2680 133 2730 25
151 2669 297 2750 πλησίον
314 2665 373 2732 τοῦ
397 2658 540 2751 χάρακος
560 2659 741 2752 ἱστάμενοι,
759 2661 923 2751 γνναίκάς
940 2690 977 2732 τε
994 2657 1123 2734 ἀπεκά-

149 2771 233 2832 λουν
250 2757 400 2842 ἅπαντας
418 2763 475 2831 καί
492 2759 571 2844 τοῦς
589 2760 755 2854 ἡγεμόνας
773 2761 887 2835 αὐτόν
911 2780 980 2846 τοῖς
1012 2769 1121 2836 δειλο-

147 2861 257 2946 τάτοις
282 2867 351 2934 τοῖν
380 2860 475 2948 ζάων
505 2865 648 2934 ἐοικέναι
674 2867 827 2953 λέγοντες
856 2863 1027 2953 ἐκάκιζον,
1064 2869 1120 2938 καί

150 2971 248 3038 δνείν
277 2963 425 3055 θάτερον
458 2961 591 3053 ἠξίουν·
625 2973 657 3037 εί
689 2967 751 3056 μέν
785 2963 1038 3039 ἀντιποιοῦνται
1064 2972 1122 3058 της

149 3068 225 3156 περὶ
251 3064 291 3135 τά
315 3070 456 3156 πολέμια
473 3062 610 3158 ἀρετῆς,
634 3066 843 3156 καταβάντας
867 3075 915 3149 είς
937 3065 974 3139 τό
1000 3076 1122 3142 πεδίον

95 3185 130 3236 30
148 3168 209 3258 μιηῖ
225 3163 284 3236 τόν
297 3163 412 3253 ἀγῶνα
438 3184 551 3257 κρῖναι
576 3166 680 3261 μάχη
710 3177 741 3240 εί
764 3170 802 3240 δὲ
825 3170 1048 3261 ὁμολογοῦσιν
1074 3171 1121 3242 εἶ-

150 3295 207 3336 ναι
231 3275 344 3356 κακοί,
375 3265 588 3358 παραδόντας
610 3269 651 3340 τά
673 3266 760 3340 ὅπλα
782 3287 851 3354 τοῖς
876 3277 1040 3361 κρείττοσι
1065 3275 1121 3342 καί

150 3373 245 3449 δίκας
262 3361 469 3456 ῦποσχόντας
487 3357 536 3439 ιῦν
555 3374 719 3460 ἔδρασαν,
744 3370 888 3461 μηδενός
911 3377 959 3442 ἔτι
975 3375 1045 3442 τῶν
1062 3401 1119 3463 με·
