2384 3850
470 81 694 139 -Z-1
1000 79 1043 142 27

57 249 194 342 ἄνδρες
211 246 287 324 οὐθ’
304 246 420 321 ὁπλων
436 247 514 322 οὐτε
532 248 642 341 λόγων
658 249 802 345 ἄπειροι,
820 260 962 346 προνοίᾳ
980 254 1044 342 μέν
1095 251 1100 256 ’

61 353 253 445 ἐχρήσαντο
283 357 390 442 πολλή
422 360 518 424 σίτου
547 381 583 423 τε
613 356 671 424 καὶ
699 359 758 443 τής
788 350 889 442 άλλης
919 353 1044 446 ἀγοράς

59 458 236 545 ἐμπλῆσαι
259 451 321 542 τήν
344 452 461 542 πόλιν,
487 449 531 536 ῶς
556 459 593 525 έν
609 461 650 546 τῇ
669 454 741 526 κατ’
762 453 870 544 αὐτήν
888 454 1045 550 εὐετηρίᾳ

58 561 126 647 τής
143 556 300 646 ὁμονοίας
317 559 378 626 τού
390 554 544 644 πλήθους
557 560 722 646 κειμένης,
741 555 781 628 οὐ
795 556 863 647 μήν
877 556 1044 646 ἐξεγένετό

60 686 106 747 γε
126 653 241 739 αὐτοῖς
259 652 457 747 ἀμφοτέρων
474 655 542 746 ἅμα
559 657 689 729 τούτων
706 676 839 748 τυχεῖν,
859 655 944 728 ἀλλά
961 685 1042 730 συν-
1077 680 1095 731 σ

62 762 231 848 εισήλθεν
254 757 322 847 ἅμα
348 761 397 850 τῷ
419 757 508 852 κόρῳ
537 761 605 830 τῶν
627 754 769 847 ἀγαθῶν
791 756 812 848 ή
834 763 903 834 τῶν
925 781 1044 849 χρησο-

63 864 182 951 μένων
199 855 313 942 αὐτοῖς
330 856 437 950 ὐβρις.
475 861 531 930 καὶ
549 859 624 930 τότε
648 861 691 950 δή
708 865 863 950 μέγιστος
880 864 1044 951 κατέλαβε

64 959 131 1051 τήν
149 957 277 1053 Ῥῶμην
299 967 457 1043 κίνδυνος
489 965 522 1046 ἐξ
547 958 668 1053 ἀρχῆς,
698 961 756 1033 ὅτε
779 961 898 1053 ήκιστα
922 961 1042 1034 ἐδόκει.

66 1070 157 1134 οἵτε
174 1061 238 1154 γάρ
257 1065 311 1134 ἐπὶ
328 1060 391 1152 τήν
408 1071 569 1162 σιτωνίαν
586 1059 827 1146 ἀποσταλέντες
849 1063 908 1136 ὁπ’
930 1061 1044 1136 αὐτῶν

65 1167 228 1255 πρέσβεις
253 1168 290 1234 έκ
313 1167 383 1240 τῶν
404 1173 688 1256 παραθαλαττίων
718 1195 754 1238 τε
777 1169 834 1238 καὶ
858 1174 1043 1256 μεσογείων
1061 1187 1097 1241 10

66 1271 240 1356 ἐμπορίων
264 1283 358 1336 σῖτον
381 1262 590 1358 ῶνησάμενοι
617 1268 807 1358 κατήγαγον
825 1275 985 1360 δημοσία,
1009 1274 1046 1338 οἵ

66 1396 104 1439 τε
124 1373 361 1456 διαμείβεσθαι
382 1365 440 1449 τάς
465 1367 588 1461 ἀγορὰς
608 1369 766 1451 εἰωθότες
790 1374 827 1440 ἐκ
844 1368 969 1452 παντὸς
986 1367 1051 1440 τό··

4 1494 56 1544 359
67 1496 137 1540 που
167 1474 358 1560 συνήλθον,
391 1467 472 1561 παρ’
505 1460 554 1540 ῶν
583 1468 605 1560 ή
636 1469 731 1552 πόλις
761 1467 959 1561 ὠνησαμένη
984 1471 1044 1541 τὸν

67 1567 197 1661 φόρτον
222 1575 260 1642 ἐκ
282 1573 350 1641 τῶν
368 1576 493 1642 κοινῶν
515 1568 694 1663 χρημάτων
718 1571 808 1662 εἶχεν
833 1576 871 1644 έν
894 1576 1041 1661 φυλακή.

67 1663 179 1762 ἦλθον
198 1673 235 1742 δέ
252 1675 309 1742 καὶ
325 1677 361 1742 οί
375 1670 538 1765 πρότερον
551 1669 797 1756 ἀποσταλέντες
820 1674 976 1764 πρέσβεις
995 1680 1043 1754 είς
1061 1694 1095 1745 15

67 1780 232 1846 Σικελίαν
261 1773 422 1864 Γεγάνιος
453 1777 511 1844 καὶ
541 1771 727 1866 Οὐαλέριος
755 1774 879 1857 πολλάς
904 1773 1044 1863 άγοντες

67 1871 231 1965 ὁλκάδας,
265 1878 302 1945 έν
324 1872 377 1960 αἷς
401 1878 588 1966 ἐκομίζοντο
616 1882 736 1968 πυρῶν
760 1879 860 1949 πέντε
881 1875 1044 1967 μυριάδες

67 1984 243 2069 μεδίμνων
259 1980 459 2066 Σικελικῶν,
479 1969 528 2051 ῶν
543 1977 581 2050 τὸ
597 1980 661 2069 μὲν
677 1976 781 2070 ήμισυ
797 1984 896 2070 μέρος
914 1975 1046 2068 ῶνητὸν

69 2072 114 2168 ήν
138 2086 294 2171 βραχείας
318 2078 410 2151 πάνυ
432 2084 546 2170 τιμης,
570 2080 608 2151 τὸ
634 2082 671 2153 δὲ
695 2080 814 2153 λοιπὸν
836 2079 854 2151 ὁ
877 2079 1044 2173 τάραννος

70 2178 270 2255 ἀπεστάλκει
287 2197 410 2269 προῖκα
428 2179 508 2265 δούς
526 2184 581 2253 καὶ
599 2185 709 2256 τέλεσι
726 2189 956 2273 παρακομίσας
973 2198 1043 2263 τοῖς
1060 2201 1096 2250 20
1188 2195 1189 2204 ’

72 2290 181 2364 ἰδίοις.
227 2278 271 2365 ῶς
295 2281 327 2353 δ’
354 2278 550 2373 ἀπηγγέλθη
573 2300 644 2364 τοῖς
667 2287 704 2354 έν
726 2289 767 2373 τή
792 2278 888 2353 πόλει
905 2281 923 2352 ὁ
940 2281 1044 2353 κατά·

71 2394 177 2466 πλους
211 2387 279 2454 τῶν
313 2387 458 2473 σιτηγῶν
487 2380 643 2455 ὁλκάδων
677 2386 746 2454 τῶν
775 2381 842 2454 ἀπό
872 2391 1043 2470 Σικελίας,

70 2484 177 2574 πολλή
209 2484 337 2575 ζήτησις
369 2487 523 2556 ἐνέπιπτε
554 2501 624 2567 τοῖς
654 2492 839 2576 πατρικίοις
868 2480 954 2575 ὐπέρ
984 2489 1044 2571 τής

71 2590 258 2680 διαθέσεως
284 2584 396 2658 αὐτοῦ.
444 2592 481 2657 οί
500 2588 562 2676 μὲν
583 2584 649 2679 γάρ
673 2588 908 2659 ἐπιεικέστατοι
930 2582 1045 2657 αὐτῶν

72 2692 130 2760 καὶ
160 2687 419 2779 φιλοδημότατοι
448 2688 530 2781 πρὸς
560 2687 619 2771 τάς
641 2685 843 2779 κατεχούσας
869 2685 907 2758 τὸ
929 2686 1045 2757 κοινὸν
1061 2707 1096 2757 το

70 2787 220 2878 ἀνάγκας
242 2786 505 2877 ἀποβλέποντες,
529 2788 592 2879 τήν
614 2820 651 2861 τε
674 2790 764 2883 παρὰ
788 2793 850 2861 τού
872 2786 1044 2878 τυράννου

72 2888 205 2981 δωρεάν
222 2890 399 2983 παρῄνουν
425 2890 530 2963 άπασι
554 2898 724 2982 διανεῖμαι
745 2907 815 2974 τοίς
841 2897 1043 2980 δημοτικοῖς,

72 2996 130 3065 καὶ
146 2992 205 3087 τὸν
223 2989 400 3082 ῶνηθέυτα
418 2996 539 3065 ἐκτῶν
558 2999 729 3083 δημοσίων
750 2990 928 3084 χρημάτων
950 3007 1046 3061 σῖτον

73 3093 187 3183 ὀλίγης
211 3092 324 3177 αὐτοῖς
355 3091 589 3184 ἀπεμπολῆσαι
612 3100 726 3185 τιμής,
759 3091 974 3175 διδάσκοντες
999 3086 1044 3171 ῶς

75 3201 121 3267 ἐκ4
134 3194 263 3267 τούτων
286 3191 329 3268 άν
352 3198 502 3287 γένοιντο
520 3195 662 3285 μάλιστα
685 3200 753 3268 τῶν
775 3201 920 3286 χαρίτων
944 3197 1043 3265 ε’πιει-
1061 3216 1096 3265 30

74 3299 226 3390 κέστεραι
243 3295 326 3390 πρός
343 3297 420 3381 τούς
439 3296 604 3387 εὐπόρους
622 3303 660 3368 αι’
674 3301 742 3370 τῶν
758 3294 913 3385 πενήτων
929 3293 1032 3386 ὀργαί
1035 3311 1043 3326 ·

6 3406 111 3475 1360οί
126 3400 165 3471 δὲ
184 3396 428 3490 αὐθαδέστεροι
451 3404 509 3473 καὶ
530 3398 822 3490 ὀλιγαρχικώτεροι
846 3395 936 3486 πάση
961 3422 1046 3486 προ
