<?xml version="1.0" encoding="UTF-8"?>
<!DOCTYPE html PUBLIC "-//W3C//DTD XHTML 1.0 Transitional//EN"
    "http://www.w3.org/TR/xhtml1/DTD/xhtml1-transitional.dtd">
<html xmlns="http://www.w3.org/1999/xhtml" xml:lang="en" lang="en">
 <head>
  <title>
</title>
<meta http-equiv="Content-Type" content="text/html;charset=utf-8" />
  <meta name='ocr-system' content='tesseract 3.04.00' />
  <meta name='ocr-capabilities' content='ocr_page ocr_carea ocr_par ocr_line ocrx_word'/>
</head>
<body>
  <div class='ocr_page' id='page_1' title='image "./dionysihalicarn01kiesgoog/dionysihalicarn01kiesgoog_0193.png"; bbox 0 0 2384 3850; ppageno 0'>
   <div class='ocr_carea' id='block_1_1' title="bbox 450 92 654 152">
    <p class='ocr_par' dir='ltr' id='par_1_1' title="bbox 450 92 654 152">
     <span class='ocr_line' id='line_1_1' title="bbox 450 92 654 152; baseline 0.01 -17"><span class='ocrx_word' id='word_1_1' title='bbox 450 92 654 152; x_wconf 59' lang='grc' dir='ltr'><strong><em>-Η,</em></strong></span> 
     </span>
    </p>
   </div>
   <div class='ocr_carea' id='block_1_2' title="bbox 17 261 1172 3524">
    <p class='ocr_par' dir='ltr' id='par_1_2' title="bbox 70 261 1088 1787">
     <span class='ocr_line' id='line_1_2' title="bbox 144 261 1037 357; baseline 0.009 -22"><span class='ocrx_word' id='word_1_2' title='bbox 144 263 341 335; x_wconf 76' lang='lat' dir='ltr'>XXXVIIII.</span> <span class='ocrx_word' id='word_1_3' title='bbox 360 269 409 336; x_wconf 74' lang='lat' dir='ltr'><strong><em>Ac</em></strong></span> <span class='ocrx_word' id='word_1_4' title='bbox 420 265 463 355; x_wconf 58' lang='lat' dir='ltr'><strong><em>III</em></strong></span> <span class='ocrx_word' id='word_1_5' title='bbox 480 280 639 353; x_wconf 77' lang='grc' dir='ltr'><strong><em>γυναῖκες</em></strong></span> <span class='ocrx_word' id='word_1_6' title='bbox 658 261 781 356; x_wconf 73' lang='grc' dir='ltr'><strong><em>αύτῶν,</em></strong></span> <span class='ocrx_word' id='word_1_7' title='bbox 801 264 846 350; x_wconf 81' lang='grc' dir='ltr'><strong><em>εδς</em></strong></span> <span class='ocrx_word' id='word_1_8' title='bbox 861 267 960 357; x_wconf 74' lang='grc' dir='ltr'><strong><em>ἐγγύς</em></strong></span> <span class='ocrx_word' id='word_1_9' title='bbox 978 267 1037 343; x_wconf 83' lang='grc' dir='ltr'><strong><em>όν-</em></strong></span> 
     </span>
     <span class='ocr_line' id='line_1_3' title="bbox 72 357 1035 465; baseline 0.001 -25"><span class='ocrx_word' id='word_1_10' title='bbox 72 398 124 453; x_wconf 91' lang='grc' dir='ltr'><strong><em>τος</em></strong></span> <span class='ocrx_word' id='word_1_11' title='bbox 140 357 207 459; x_wconf 85' lang='grc' dir='ltr'><strong><em>ῆδῆ</em></strong></span> <span class='ocrx_word' id='word_1_12' title='bbox 221 368 283 439; x_wconf 87' lang='grc' dir='ltr'><strong><em>τού</em></strong></span> <span class='ocrx_word' id='word_1_13' title='bbox 303 368 436 455; x_wconf 78' lang='grc' dir='ltr'><strong><em>δεινοῦ,</em></strong></span> <span class='ocrx_word' id='word_1_14' title='bbox 461 374 721 439; x_wconf 82' lang='grc' dir='ltr'><strong><em>καταλείπουσαι</em></strong></span> <span class='ocrx_word' id='word_1_15' title='bbox 746 370 804 457; x_wconf 87' lang='grc' dir='ltr'><strong><em>τῆς</em></strong></span> <span class='ocrx_word' id='word_1_16' title='bbox 827 380 916 441; x_wconf 85' lang='grc' dir='ltr'><strong><em>οίκοι</em></strong></span> <span class='ocrx_word' id='word_1_17' title='bbox 931 376 1035 465; x_wconf 85' lang='grc' dir='ltr'><strong><em>μονῆς</em></strong></span> 
     </span>
     <span class='ocr_line' id='line_1_4' title="bbox 72 466 1036 564; baseline 0.004 -21"><span class='ocrx_word' id='word_1_18' title='bbox 72 470 107 543; x_wconf 88' lang='grc' dir='ltr'><strong><em>τὸ</em></strong></span> <span class='ocrx_word' id='word_1_19' title='bbox 125 470 303 562; x_wconf 82' lang='grc' dir='ltr'><strong><em>εὐπρεπές,</em></strong></span> <span class='ocrx_word' id='word_1_20' title='bbox 329 475 431 541; x_wconf 82' lang='grc' dir='ltr'><strong><em>έθεον</em></strong></span> <span class='ocrx_word' id='word_1_21' title='bbox 449 471 503 539; x_wconf 79' lang='grc' dir='ltr'><strong><em>ἐπὶ</em></strong></span> <span class='ocrx_word' id='word_1_22' title='bbox 520 466 561 539; x_wconf 87' lang='grc' dir='ltr'><strong><em>τά</em></strong></span> <span class='ocrx_word' id='word_1_23' title='bbox 578 473 699 560; x_wconf 82' lang='grc' dir='ltr'><strong><em>τεμένη</em></strong></span> <span class='ocrx_word' id='word_1_24' title='bbox 716 474 785 541; x_wconf 75' lang='grc' dir='ltr'><strong><em>τῶν</em></strong></span> <span class='ocrx_word' id='word_1_25' title='bbox 801 474 895 543; x_wconf 76' lang='grc' dir='ltr'><strong><em>θεάν</em></strong></span> <span class='ocrx_word' id='word_1_26' title='bbox 912 471 1036 564; x_wconf 85' lang='grc' dir='ltr'><strong><em>ὀλοφυ-</em></strong></span> 
     </span>
     <span class='ocr_line' id='line_1_5' title="bbox 72 566 1036 664; baseline 0.002 -19"><span class='ocrx_word' id='word_1_27' title='bbox 72 572 205 664; x_wconf 90' lang='grc' dir='ltr'><strong><em>ρόμεναί</em></strong></span> <span class='ocrx_word' id='word_1_28' title='bbox 226 600 263 643; x_wconf 87' lang='grc' dir='ltr'><strong><em>τε</em></strong></span> <span class='ocrx_word' id='word_1_29' title='bbox 287 575 345 643; x_wconf 85' lang='grc' dir='ltr'><strong><em>καὶ</em></strong></span> <span class='ocrx_word' id='word_1_30' title='bbox 362 570 622 662; x_wconf 79' lang='grc' dir='ltr'><strong><em>προκυλιόμεναι</em></strong></span> <span class='ocrx_word' id='word_1_31' title='bbox 645 574 713 643; x_wconf 79' lang='grc' dir='ltr'><strong><em>των</em></strong></span> <span class='ocrx_word' id='word_1_32' title='bbox 731 570 878 655; x_wconf 87' lang='grc' dir='ltr'><strong><em>ξοάνων·</em></strong></span> <span class='ocrx_word' id='word_1_33' title='bbox 919 580 976 647; x_wconf 82' lang='grc' dir='ltr'><strong><em>καί</em></strong></span> <span class='ocrx_word' id='word_1_34' title='bbox 993 566 1036 664; x_wconf 90' lang='grc' dir='ltr'><strong><em>ῆν</em></strong></span> 
     </span>
     <span class='ocr_line' id='line_1_6' title="bbox 71 671 1087 769; baseline 0.002 -24"><span class='ocrx_word' id='word_1_35' title='bbox 71 675 153 760; x_wconf 81' lang='grc' dir='ltr'><strong><em>ἅπας</em></strong></span> <span class='ocrx_word' id='word_1_36' title='bbox 175 678 237 767; x_wconf 70' lang='grc' dir='ltr'><strong><em>μὲν</em></strong></span> <span class='ocrx_word' id='word_1_37' title='bbox 262 671 350 766; x_wconf 85' lang='grc' dir='ltr'><strong><em>ίερδς</em></strong></span> <span class='ocrx_word' id='word_1_38' title='bbox 372 672 474 756; x_wconf 89' lang='grc' dir='ltr'><strong><em>τόπος</em></strong></span> <span class='ocrx_word' id='word_1_39' title='bbox 497 679 644 765; x_wconf 89' lang='grc' dir='ltr'><strong><em>οίμωγῆς</em></strong></span> <span class='ocrx_word' id='word_1_40' title='bbox 670 703 706 746; x_wconf 90' lang='grc' dir='ltr'><strong><em>τε</em></strong></span> <span class='ocrx_word' id='word_1_41' title='bbox 730 674 790 747; x_wconf 80' lang='grc' dir='ltr'><strong><em>καὶΙ</em></strong></span> <span class='ocrx_word' id='word_1_42' title='bbox 810 682 950 763; x_wconf 76' lang='grc' dir='ltr'><strong><em>ἱκετείας</em></strong></span> <span class='ocrx_word' id='word_1_43' title='bbox 973 710 1037 769; x_wconf 59' lang='grc' dir='ltr'><strong><em>γυ-Δ</em></strong></span> <span class='ocrx_word' id='word_1_44' title='bbox 1070 697 1087 747; x_wconf 81' lang='lat'>5</span> 
     </span>
     <span class='ocr_line' id='line_1_7' title="bbox 72 774 1037 867; baseline 0.005 -18"><span class='ocrx_word' id='word_1_45' title='bbox 72 782 194 850; x_wconf 77' lang='grc' dir='ltr'><strong><em>ναικύν</em></strong></span> <span class='ocrx_word' id='word_1_46' title='bbox 219 776 413 867; x_wconf 80' lang='grc' dir='ltr'><strong><em>ἀνάπλεως,</em></strong></span> <span class='ocrx_word' id='word_1_47' title='bbox 443 774 586 867; x_wconf 87' lang='grc' dir='ltr'><strong><em>μάλιστα</em></strong></span> <span class='ocrx_word' id='word_1_48' title='bbox 611 777 649 847; x_wconf 70' lang='grc' dir='ltr'><strong><em>δὲ</em></strong></span> <span class='ocrx_word' id='word_1_49' title='bbox 672 776 710 848; x_wconf 87' lang='grc' dir='ltr'><strong><em>τὸ</em></strong></span> <span class='ocrx_word' id='word_1_50' title='bbox 732 783 792 850; x_wconf 87' lang='grc' dir='ltr'><strong><em>τού</em></strong></span> <span class='ocrx_word' id='word_1_51' title='bbox 817 790 1037 855; x_wconf 79' lang='grc' dir='ltr'><strong><em>Καπετωλίου</em></strong></span> 
     </span>
     <span class='ocr_line' id='line_1_8' title="bbox 73 874 1038 972; baseline 0.004 -20"><span class='ocrx_word' id='word_1_52' title='bbox 73 879 150 963; x_wconf 86' lang='grc' dir='ltr'><strong><em>Διός</em></strong></span> <span class='ocrx_word' id='word_1_53' title='bbox 168 878 270 972; x_wconf 77' lang='grc' dir='ltr'><strong><em>ἱερόν.</em></strong></span> <span class='ocrx_word' id='word_1_54' title='bbox 313 886 400 951; x_wconf 79' lang='grc' dir='ltr'><strong><em>ἔνθα</em></strong></span> <span class='ocrx_word' id='word_1_55' title='bbox 425 877 466 968; x_wconf 83' lang='grc' dir='ltr'><strong><em>δή</em></strong></span> <span class='ocrx_word' id='word_1_56' title='bbox 489 907 539 961; x_wconf 90' lang='grc' dir='ltr'><strong><em>τις</em></strong></span> <span class='ocrx_word' id='word_1_57' title='bbox 562 874 677 951; x_wconf 78' lang='grc' dir='ltr'><strong><em>αύτωυ</em></strong></span> <span class='ocrx_word' id='word_1_58' title='bbox 702 883 791 969; x_wconf 86' lang='grc' dir='ltr'><strong><em>γένει</em></strong></span> <span class='ocrx_word' id='word_1_59' title='bbox 809 910 846 953; x_wconf 91' lang='grc' dir='ltr'><strong><em>τε</em></strong></span> <span class='ocrx_word' id='word_1_60' title='bbox 864 886 919 954; x_wconf 84' lang='grc' dir='ltr'><strong><em>καὶ</em></strong></span> <span class='ocrx_word' id='word_1_61' title='bbox 937 882 1038 969; x_wconf 85' lang='grc' dir='ltr'><strong><em>άξιιύ-</em></strong></span> 
     </span>
     <span class='ocr_line' id='line_1_9' title="bbox 71 978 1037 1080; baseline 0.004 -27"><span class='ocrx_word' id='word_1_62' title='bbox 71 1013 144 1073; x_wconf 88' lang='grc' dir='ltr'><strong><em>ματι</em></strong></span> <span class='ocrx_word' id='word_1_63' title='bbox 173 982 370 1075; x_wconf 86' lang='grc' dir='ltr'><strong><em>προύχουσα</em></strong></span> <span class='ocrx_word' id='word_1_64' title='bbox 401 983 458 1051; x_wconf 78' lang='grc' dir='ltr'><strong><em>καί</em></strong></span> <span class='ocrx_word' id='word_1_65' title='bbox 475 978 604 1070; x_wconf 80' lang='grc' dir='ltr'><strong><em>ἡλικίας</em></strong></span> <span class='ocrx_word' id='word_1_66' title='bbox 630 984 667 1053; x_wconf 84' lang='grc' dir='ltr'><strong><em>έν</em></strong></span> <span class='ocrx_word' id='word_1_67' title='bbox 695 989 742 1076; x_wconf 77' lang='grc' dir='ltr'><strong><em>τῷ</em></strong></span> <span class='ocrx_word' id='word_1_68' title='bbox 768 993 934 1080; x_wconf 78' lang='grc' dir='ltr'><strong><em>κρατίστῳ</em></strong></span> <span class='ocrx_word' id='word_1_69' title='bbox 963 986 1037 1059; x_wconf 90' lang='grc' dir='ltr'><strong><em>τότε</em></strong></span> 
     </span>
     <span class='ocr_line' id='line_1_10' title="bbox 72 1075 1036 1181; baseline 0.005 -26"><span class='ocrx_word' id='word_1_70' title='bbox 72 1075 151 1156; x_wconf 85' lang='grc' dir='ltr'><strong><em>ούσα</em></strong></span> <span class='ocrx_word' id='word_1_71' title='bbox 174 1087 231 1156; x_wconf 81' lang='grc' dir='ltr'><strong><em>καὶ</em></strong></span> <span class='ocrx_word' id='word_1_72' title='bbox 250 1088 419 1175; x_wconf 86' lang='grc' dir='ltr'><strong><em>φρονῆσαι</em></strong></span> <span class='ocrx_word' id='word_1_73' title='bbox 438 1079 479 1153; x_wconf 86' lang='grc' dir='ltr'><strong><em>τά</em></strong></span> <span class='ocrx_word' id='word_1_74' title='bbox 498 1084 616 1154; x_wconf 85' lang='grc' dir='ltr'><strong><em>δέοντα</em></strong></span> <span class='ocrx_word' id='word_1_75' title='bbox 635 1084 839 1177; x_wconf 77' lang='grc' dir='ltr'><strong><em>ἱκανωτάτη,</em></strong></span> <span class='ocrx_word' id='word_1_76' title='bbox 866 1085 1036 1181; x_wconf 79' lang='grc' dir='ltr'><strong><em>Οὐαλερία</em></strong></span> 
     </span>
     <span class='ocr_line' id='line_1_11' title="bbox 70 1183 1087 1281; baseline 0.007 -24"><span class='ocrx_word' id='word_1_77' title='bbox 70 1189 128 1275; x_wconf 73' lang='grc' dir='ltr'><strong><em>μὲν</em></strong></span> <span class='ocrx_word' id='word_1_78' title='bbox 149 1185 274 1277; x_wconf 84' lang='grc' dir='ltr'><strong><em>ὄνομα,</em></strong></span> <span class='ocrx_word' id='word_1_79' title='bbox 305 1183 502 1260; x_wconf 81' lang='grc' dir='ltr'><strong><em>Ποπλικόλα</em></strong></span> <span class='ocrx_word' id='word_1_80' title='bbox 532 1186 570 1255; x_wconf 69' lang='grc' dir='ltr'><strong><em>δὲ</em></strong></span> <span class='ocrx_word' id='word_1_81' title='bbox 591 1190 652 1257; x_wconf 87' lang='grc' dir='ltr'><strong><em>τού</em></strong></span> <span class='ocrx_word' id='word_1_82' title='bbox 678 1190 1035 1281; x_wconf 68' lang='grc' dir='ltr'><strong><em>συνελευθερώσαντος</em></strong></span> <span class='ocrx_word' id='word_1_83' title='bbox 1055 1215 1087 1264; x_wconf 86' lang='grc'><strong><em>10</em></strong></span> 
     </span>
     <span class='ocr_line' id='line_1_12' title="bbox 71 1283 1038 1387; baseline 0.006 -29"><span class='ocrx_word' id='word_1_84' title='bbox 71 1287 132 1359; x_wconf 84' lang='grc' dir='ltr'><strong><em>άπὸ</em></strong></span> <span class='ocrx_word' id='word_1_85' title='bbox 149 1293 218 1360; x_wconf 75' lang='grc' dir='ltr'><strong><em>τῶν</em></strong></span> <span class='ocrx_word' id='word_1_86' title='bbox 237 1291 405 1378; x_wconf 85' lang='grc' dir='ltr'><strong><em>βασιλέων</em></strong></span> <span class='ocrx_word' id='word_1_87' title='bbox 420 1284 483 1375; x_wconf 76' lang='grc' dir='ltr'><strong><em>τὴν</em></strong></span> <span class='ocrx_word' id='word_1_88' title='bbox 500 1283 600 1358; x_wconf 87' lang='grc' dir='ltr'><strong><em>πόλιν</em></strong></span> <span class='ocrx_word' id='word_1_89' title='bbox 617 1284 766 1378; x_wconf 82' lang='grc' dir='ltr'><strong><em>άδελφῆ,</em></strong></span> <span class='ocrx_word' id='word_1_90' title='bbox 784 1300 869 1387; x_wconf 77' lang='grc' dir='ltr'><strong><em>θείῳ</em></strong></span> <span class='ocrx_word' id='word_1_91' title='bbox 887 1296 954 1364; x_wconf 82' lang='grc' dir='ltr'><strong><em>τινὶ</em></strong></span> <span class='ocrx_word' id='word_1_92' title='bbox 972 1321 1038 1364; x_wconf 87' lang='grc' dir='ltr'><strong><em>πα-</em></strong></span> 
     </span>
     <span class='ocr_line' id='line_1_13' title="bbox 72 1385 1038 1486; baseline 0.008 -27"><span class='ocrx_word' id='word_1_93' title='bbox 72 1389 250 1481; x_wconf 79' lang='grc' dir='ltr'><strong><em>ραστήματι</em></strong></span> <span class='ocrx_word' id='word_1_94' title='bbox 268 1402 448 1480; x_wconf 76' lang='grc' dir='ltr'><strong><em>κινηθεῖσα</em></strong></span> <span class='ocrx_word' id='word_1_95' title='bbox 466 1390 521 1459; x_wconf 79' lang='grc' dir='ltr'><strong><em>ἐπὶ</em></strong></span> <span class='ocrx_word' id='word_1_96' title='bbox 538 1394 597 1479; x_wconf 90' lang='grc' dir='ltr'><strong><em>τῆς</em></strong></span> <span class='ocrx_word' id='word_1_97' title='bbox 610 1385 769 1462; x_wconf 87' lang='grc' dir='ltr'><strong><em>άνωτάτω</em></strong></span> <span class='ocrx_word' id='word_1_98' title='bbox 783 1401 945 1483; x_wconf 83' lang='grc' dir='ltr'><strong><em>κρηπῖδος</em></strong></span> <span class='ocrx_word' id='word_1_99' title='bbox 960 1403 1038 1486; x_wconf 81' lang='grc' dir='ltr'><strong><em>ἔστη</em></strong></span> 
     </span>
     <span class='ocr_line' id='line_1_14' title="bbox 72 1489 1038 1586; baseline 0.004 -25"><span class='ocrx_word' id='word_1_100' title='bbox 72 1495 127 1563; x_wconf 85' lang='grc' dir='ltr'><strong><em>τού</em></strong></span> <span class='ocrx_word' id='word_1_101' title='bbox 149 1490 235 1583; x_wconf 85' lang='grc' dir='ltr'><strong><em>νειό,</em></strong></span> <span class='ocrx_word' id='word_1_102' title='bbox 259 1496 315 1564; x_wconf 79' lang='grc' dir='ltr'><strong><em>καὶ</em></strong></span> <span class='ocrx_word' id='word_1_103' title='bbox 340 1493 636 1583; x_wconf 79' lang='grc' dir='ltr'><strong><em>προσκαλεσαμένη</em></strong></span> <span class='ocrx_word' id='word_1_104' title='bbox 658 1490 716 1574; x_wconf 86' lang='grc' dir='ltr'><strong><em>τάς</em></strong></span> <span class='ocrx_word' id='word_1_105' title='bbox 739 1489 840 1575; x_wconf 87' lang='grc' dir='ltr'><strong><em>άλλας</em></strong></span> <span class='ocrx_word' id='word_1_106' title='bbox 863 1514 1038 1586; x_wconf 80' lang='grc' dir='ltr'><strong><em>γυναῖκας,</em></strong></span> 
     </span>
     <span class='ocr_line' id='line_1_15' title="bbox 73 1590 1038 1686; baseline 0.004 -22"><span class='ocrx_word' id='word_1_107' title='bbox 73 1598 200 1684; x_wconf 71' lang='grc' dir='ltr'><strong><em>πρῶτον</em></strong></span> <span class='ocrx_word' id='word_1_108' title='bbox 214 1595 278 1686; x_wconf 73' lang='grc' dir='ltr'><strong><em>μὲν</em></strong></span> <span class='ocrx_word' id='word_1_109' title='bbox 287 1591 550 1683; x_wconf 79' lang='grc' dir='ltr'><strong><em>παρεμυθήσατο</em></strong></span> <span class='ocrx_word' id='word_1_110' title='bbox 563 1594 620 1663; x_wconf 77' lang='grc' dir='ltr'><strong><em>καὶ</em></strong></span> <span class='ocrx_word' id='word_1_111' title='bbox 630 1590 891 1685; x_wconf 86' lang='grc' dir='ltr'><strong><em>παρεθάρρυνεν</em></strong></span> <span class='ocrx_word' id='word_1_112' title='bbox 898 1592 1038 1680; x_wconf 83' lang='grc' dir='ltr'><strong><em>ύξιούσα</em></strong></span> 
     </span>
     <span class='ocr_line' id='line_1_16' title="bbox 72 1692 1088 1787; baseline 0.003 -20"><span class='ocrx_word' id='word_1_113' title='bbox 72 1693 112 1784; x_wconf 87' lang='grc' dir='ltr'><strong><em>μῆ</em></strong></span> <span class='ocrx_word' id='word_1_114' title='bbox 129 1702 408 1786; x_wconf 79' lang='grc' dir='ltr'><strong><em>καταπεπλῆχθαι</em></strong></span> <span class='ocrx_word' id='word_1_115' title='bbox 427 1693 464 1765; x_wconf 87' lang='grc' dir='ltr'><strong><em>τὸ</em></strong></span> <span class='ocrx_word' id='word_1_116' title='bbox 484 1692 614 1765; x_wconf 85' lang='grc' dir='ltr'><strong><em>δεινόν·</em></strong></span> <span class='ocrx_word' id='word_1_117' title='bbox 643 1701 758 1765; x_wconf 83' lang='grc' dir='ltr'><strong><em>ἔπειτα</em></strong></span> <span class='ocrx_word' id='word_1_118' title='bbox 775 1694 938 1787; x_wconf 85' lang='grc' dir='ltr'><strong><em>ὑπέσχετο</em></strong></span> <span class='ocrx_word' id='word_1_119' title='bbox 956 1706 1037 1787; x_wconf 86' lang='grc' dir='ltr'><strong><em>μίαν</em></strong></span> <span class='ocrx_word' id='word_1_120' title='bbox 1056 1723 1088 1770; x_wconf 76' lang='lat'><strong><em>15</em></strong></span> 
     </span>
    </p>

    <p class='ocr_par' dir='ltr' id='par_1_3' title="bbox 17 1794 1172 3524">
     <span class='ocr_line' id='line_1_17' title="bbox 17 1794 1038 1891; baseline 0.001 -21"><span class='ocrx_word' id='word_1_121' title='bbox 17 1814 66 1870; x_wconf 68' lang='grc'><strong><em>1595</em></strong></span> <span class='ocrx_word' id='word_1_122' title='bbox 73 1798 156 1869; x_wconf 81' lang='grc' dir='ltr'><strong><em>εἶναι</em></strong></span> <span class='ocrx_word' id='word_1_123' title='bbox 173 1806 339 1891; x_wconf 78' lang='grc' dir='ltr'><strong><em>σωτηρίας</em></strong></span> <span class='ocrx_word' id='word_1_124' title='bbox 358 1801 477 1868; x_wconf 77' lang='grc' dir='ltr'><strong><em>ἐλπίδα</em></strong></span> <span class='ocrx_word' id='word_1_125' title='bbox 494 1799 536 1888; x_wconf 87' lang='grc' dir='ltr'><strong><em>τῆ</em></strong></span> <span class='ocrx_word' id='word_1_126' title='bbox 552 1794 658 1885; x_wconf 87' lang='grc' dir='ltr'><strong><em>πόλει,</em></strong></span> <span class='ocrx_word' id='word_1_127' title='bbox 676 1795 804 1887; x_wconf 89' lang='grc' dir='ltr'><strong><em>ταύτην</em></strong></span> <span class='ocrx_word' id='word_1_128' title='bbox 820 1800 856 1869; x_wconf 69' lang='grc' dir='ltr'><strong><em>δέ</em></strong></span> <span class='ocrx_word' id='word_1_129' title='bbox 870 1804 907 1871; x_wconf 85' lang='grc' dir='ltr'><strong><em>ἐν</em></strong></span> <span class='ocrx_word' id='word_1_130' title='bbox 921 1798 1038 1883; x_wconf 81' lang='grc' dir='ltr'><strong><em>αὐταῖς</em></strong></span> 
     </span>
     <span class='ocr_line' id='line_1_18' title="bbox 75 1894 1038 1993; baseline 0.005 -23"><span class='ocrx_word' id='word_1_131' title='bbox 75 1900 157 1972; x_wconf 83' lang='grc' dir='ltr'><strong><em>εἶναι</em></strong></span> <span class='ocrx_word' id='word_1_132' title='bbox 166 1899 285 1991; x_wconf 80' lang='grc' dir='ltr'><strong><em>μόναις</em></strong></span> <span class='ocrx_word' id='word_1_133' title='bbox 294 1900 591 1989; x_wconf 83' lang='grc' dir='ltr'><strong><em>καταλειπομένην,</em></strong></span> <span class='ocrx_word' id='word_1_134' title='bbox 603 1894 663 1970; x_wconf 84' lang='grc' dir='ltr'><strong><em>έάν</em></strong></span> <span class='ocrx_word' id='word_1_135' title='bbox 672 1898 859 1990; x_wconf 82' lang='grc' dir='ltr'><strong><em>ἐθελήσωσι</em></strong></span> <span class='ocrx_word' id='word_1_136' title='bbox 870 1900 1038 1993; x_wconf 86' lang='grc' dir='ltr'><strong><em>πράττειν,</em></strong></span> 
     </span>
     <span class='ocr_line' id='line_1_19' title="bbox 73 1997 1039 2097; baseline 0.005 -26"><span class='ocrx_word' id='word_1_137' title='bbox 73 1999 169 2075; x_wconf 84' lang='grc' dir='ltr'><strong><em>άδεῑ.</em></strong></span> <span class='ocrx_word' id='word_1_138' title='bbox 215 2010 275 2074; x_wconf 87' lang='grc' dir='ltr'><strong><em>καί</em></strong></span> <span class='ocrx_word' id='word_1_139' title='bbox 296 2033 345 2087; x_wconf 89' lang='grc' dir='ltr'><strong><em>τις</em></strong></span> <span class='ocrx_word' id='word_1_140' title='bbox 370 2001 464 2073; x_wconf 81' lang='grc' dir='ltr'><strong><em>εἶπεν</em></strong></span> <span class='ocrx_word' id='word_1_141' title='bbox 488 2004 521 2084; x_wconf 81' lang='grc' dir='ltr'><strong><em>ἐξ</em></strong></span> <span class='ocrx_word' id='word_1_142' title='bbox 540 1997 670 2072; x_wconf 75' lang='grc' dir='ltr'><strong><em>αὐτῶν·</em></strong></span> <span class='ocrx_word' id='word_1_143' title='bbox 698 2005 767 2072; x_wconf 85' lang='grc' dir='ltr'><strong><em>Καὶ</em></strong></span> <span class='ocrx_word' id='word_1_144' title='bbox 785 2013 821 2076; x_wconf 86' lang='grc' dir='ltr'><strong><em>τί</em></strong></span> <span class='ocrx_word' id='word_1_145' title='bbox 835 2005 1039 2097; x_wconf 84' lang='grc' dir='ltr'><strong><em>πράττουσαι</em></strong></span> 
     </span>
     <span class='ocr_line' id='line_1_20' title="bbox 73 2099 1040 2198; baseline 0.007 -26"><span class='ocrx_word' id='word_1_146' title='bbox 73 2099 112 2174; x_wconf 76' lang='grc' dir='ltr'><strong><em>ἂν</em></strong></span> <span class='ocrx_word' id='word_1_147' title='bbox 127 2101 224 2196; x_wconf 81' lang='grc' dir='ltr'><strong><em>ἡμεῖς</em></strong></span> <span class='ocrx_word' id='word_1_148' title='bbox 244 2110 281 2176; x_wconf 85' lang='grc' dir='ltr'><strong><em>αί</em></strong></span> <span class='ocrx_word' id='word_1_149' title='bbox 295 2121 454 2194; x_wconf 75' lang='grc' dir='ltr'><strong><em>γυναῖκες</em></strong></span> <span class='ocrx_word' id='word_1_150' title='bbox 469 2108 633 2174; x_wconf 79' lang='grc' dir='ltr'><strong><em>διασῶσαι</em></strong></span> <span class='ocrx_word' id='word_1_151' title='bbox 648 2109 877 2197; x_wconf 74' lang='grc' dir='ltr'><strong><em>δυνηθείημεν</em></strong></span> <span class='ocrx_word' id='word_1_152' title='bbox 895 2109 957 2198; x_wconf 91' lang='grc' dir='ltr'><strong><em>τῆν</em></strong></span> <span class='ocrx_word' id='word_1_153' title='bbox 974 2135 1040 2179; x_wconf 69' lang='grc' dir='ltr'><strong><em>παμ</em></strong></span> 
     </span>
     <span class='ocr_line' id='line_1_21' title="bbox 70 2201 1090 2302; baseline 0.004 -27"><span class='ocrx_word' id='word_1_154' title='bbox 70 2213 166 2299; x_wconf 74' lang='grc' dir='ltr'><strong><em>Ιτρίδα</em></strong></span> <span class='ocrx_word' id='word_1_155' title='bbox 183 2213 252 2279; x_wconf 76' lang='grc' dir='ltr'><strong><em>τῶν</em></strong></span> <span class='ocrx_word' id='word_1_156' title='bbox 270 2204 407 2297; x_wconf 72' lang='grc' dir='ltr'><strong><em>ἀνδρῶν</em></strong></span> <span class='ocrx_word' id='word_1_157' title='bbox 425 2201 672 2295; x_wconf 83' lang='grc' dir='ltr'><strong><em>άπειρηκότων;</em></strong></span> <span class='ocrx_word' id='word_1_158' title='bbox 691 2212 740 2288; x_wconf 91' lang='grc' dir='ltr'><strong><em>τίς</em></strong></span> <span class='ocrx_word' id='word_1_159' title='bbox 758 2205 780 2296; x_wconf 86' lang='grc' dir='ltr'><strong><em>ῆ</em></strong></span> <span class='ocrx_word' id='word_1_160' title='bbox 798 2211 943 2298; x_wconf 81' lang='grc' dir='ltr'><strong><em>τοσαύτη</em></strong></span> <span class='ocrx_word' id='word_1_161' title='bbox 962 2212 1039 2302; x_wconf 84' lang='grc' dir='ltr'><strong><em>περὶ</em></strong></span> <span class='ocrx_word' id='word_1_162' title='bbox 1056 2231 1090 2280; x_wconf 76' lang='lat'><strong><em>20</em></strong></span> 
     </span>
     <span class='ocr_line' id='line_1_22' title="bbox 74 2305 1039 2399; baseline -0.001 -19"><span class='ocrx_word' id='word_1_163' title='bbox 74 2306 155 2398; x_wconf 82' lang='grc' dir='ltr'><strong><em>ῆμάς</em></strong></span> <span class='ocrx_word' id='word_1_164' title='bbox 180 2306 240 2390; x_wconf 84' lang='grc' dir='ltr'><strong><em>τάς</em></strong></span> <span class='ocrx_word' id='word_1_165' title='bbox 271 2305 429 2390; x_wconf 81' lang='grc' dir='ltr'><strong><em>άσθενεῖς</em></strong></span> <span class='ocrx_word' id='word_1_166' title='bbox 459 2311 516 2379; x_wconf 81' lang='grc' dir='ltr'><strong><em>καὶ</em></strong></span> <span class='ocrx_word' id='word_1_167' title='bbox 545 2305 779 2396; x_wconf 77' lang='grc' dir='ltr'><strong><em>ταλαιπώρους</em></strong></span> <span class='ocrx_word' id='word_1_168' title='bbox 810 2313 903 2379; x_wconf 80' lang='grc' dir='ltr'><strong><em>ἐστὶν</em></strong></span> <span class='ocrx_word' id='word_1_169' title='bbox 929 2310 1039 2399; x_wconf 85' lang='grc' dir='ltr'><strong><em>ίσχύς;</em></strong></span> 
     </span>
     <span class='ocr_line' id='line_1_23' title="bbox 78 2405 1039 2501; baseline 0 -20"><span class='ocrx_word' id='word_1_170' title='bbox 78 2407 143 2501; x_wconf 87' lang='grc' dir='ltr'><strong><em>Ούχ</em></strong></span> <span class='ocrx_word' id='word_1_171' title='bbox 156 2408 283 2501; x_wconf 83' lang='grc' dir='ltr'><strong><em>ὅπλων,</em></strong></span> <span class='ocrx_word' id='word_1_172' title='bbox 301 2409 459 2501; x_wconf 81' lang='grc' dir='ltr'><strong><em>έφησενῆ</em></strong></span> <span class='ocrx_word' id='word_1_173' title='bbox 476 2405 656 2498; x_wconf 78' lang='grc' dir='ltr'><strong><em>Οὐαλερία,</em></strong></span> <span class='ocrx_word' id='word_1_174' title='bbox 677 2410 733 2478; x_wconf 80' lang='grc' dir='ltr'><strong><em>καὶ</em></strong></span> <span class='ocrx_word' id='word_1_175' title='bbox 746 2413 868 2500; x_wconf 74' lang='grc' dir='ltr'><strong><em>χειρῶν</em></strong></span> <span class='ocrx_word' id='word_1_176' title='bbox 883 2414 1039 2500; x_wconf 79' lang='grc' dir='ltr'><strong><em>δεομένη·</em></strong></span> 
     </span>
     <span class='ocr_line' id='line_1_24' title="bbox 74 2505 1039 2605; baseline 0.002 -24"><span class='ocrx_word' id='word_1_177' title='bbox 74 2510 199 2583; x_wconf 89' lang='grc' dir='ltr'><strong><em>τούτων</em></strong></span> <span class='ocrx_word' id='word_1_178' title='bbox 228 2514 291 2604; x_wconf 67' lang='grc' dir='ltr'><strong><em>μὲν</em></strong></span> <span class='ocrx_word' id='word_1_179' title='bbox 317 2510 382 2605; x_wconf 84' lang='grc' dir='ltr'><strong><em>γάρ</em></strong></span> <span class='ocrx_word' id='word_1_180' title='bbox 412 2511 620 2584; x_wconf 78' lang='grc' dir='ltr'><strong><em>ἀπολέλυκεν</em></strong></span> <span class='ocrx_word' id='word_1_181' title='bbox 644 2505 730 2600; x_wconf 88' lang='grc' dir='ltr'><strong><em>ῆμάς</em></strong></span> <span class='ocrx_word' id='word_1_182' title='bbox 760 2511 778 2602; x_wconf 87' lang='grc' dir='ltr'><strong><em>ῆ</em></strong></span> <span class='ocrx_word' id='word_1_183' title='bbox 809 2508 929 2601; x_wconf 79' lang='grc' dir='ltr'><strong><em>φύσις·</em></strong></span> <span class='ocrx_word' id='word_1_184' title='bbox 964 2508 1039 2583; x_wconf 76' lang='grc' dir='ltr'><strong><em>ἀλλ’</em></strong></span> 
     </span>
     <span class='ocr_line' id='line_1_25' title="bbox 76 2610 1040 2705; baseline 0.005 -24"><span class='ocrx_word' id='word_1_185' title='bbox 76 2617 203 2696; x_wconf 78' lang='grc' dir='ltr'><strong><em>ἐννοίας</em></strong></span> <span class='ocrx_word' id='word_1_186' title='bbox 227 2618 284 2686; x_wconf 78' lang='grc' dir='ltr'><strong><em>καὶ</em></strong></span> <span class='ocrx_word' id='word_1_187' title='bbox 306 2614 416 2702; x_wconf 91' lang='grc' dir='ltr'><strong><em>λόγου.</em></strong></span> <span class='ocrx_word' id='word_1_188' title='bbox 461 2620 543 2702; x_wconf 83' lang='grc' dir='ltr'><strong><em>βοῆς</em></strong></span> <span class='ocrx_word' id='word_1_189' title='bbox 568 2613 606 2683; x_wconf 75' lang='grc' dir='ltr'><strong><em>δὲ</em></strong></span> <span class='ocrx_word' id='word_1_190' title='bbox 629 2610 710 2703; x_wconf 81' lang='grc' dir='ltr'><strong><em>μετά</em></strong></span> <span class='ocrx_word' id='word_1_191' title='bbox 731 2618 829 2686; x_wconf 86' lang='grc' dir='ltr'><strong><em>τούτο</em></strong></span> <span class='ocrx_word' id='word_1_192' title='bbox 846 2616 1040 2705; x_wconf 78' lang='grc' dir='ltr'><strong><em>γενομένης,</em></strong></span> 
     </span>
     <span class='ocr_line' id='line_1_26' title="bbox 75 2711 1091 2807; baseline 0.005 -24"><span class='ocrx_word' id='word_1_193' title='bbox 75 2718 127 2785; x_wconf 78' lang='grc' dir='ltr'><strong><em>καὶ</em></strong></span> <span class='ocrx_word' id='word_1_194' title='bbox 145 2719 316 2806; x_wconf 84' lang='grc' dir='ltr'><strong><em>δεομένων</em></strong></span> <span class='ocrx_word' id='word_1_195' title='bbox 333 2715 474 2787; x_wconf 81' lang='grc' dir='ltr'><strong><em>άπασεόν</em></strong></span> <span class='ocrx_word' id='word_1_196' title='bbox 497 2713 651 2805; x_wconf 85' lang='grc' dir='ltr'><strong><em>φανεράν</em></strong></span> <span class='ocrx_word' id='word_1_197' title='bbox 667 2734 795 2807; x_wconf 80' lang='grc' dir='ltr'><strong><em>ποιεῖν,</em></strong></span> <span class='ocrx_word' id='word_1_198' title='bbox 820 2713 892 2807; x_wconf 90' lang='grc' dir='ltr'><strong><em>ῆτις</em></strong></span> <span class='ocrx_word' id='word_1_199' title='bbox 911 2719 1002 2788; x_wconf 81' lang='grc' dir='ltr'><strong><em>ἐστὶν</em></strong></span> <span class='ocrx_word' id='word_1_200' title='bbox 1019 2711 1040 2805; x_wconf 89' lang='grc' dir='ltr'><strong><em>ῆ</em></strong></span> <span class='ocrx_word' id='word_1_201' title='bbox 1058 2738 1091 2788; x_wconf 79' lang='lat'><strong><em>25</em></strong></span> 
     </span>
     <span class='ocr_line' id='line_1_27' title="bbox 77 2812 1172 2912; baseline 0.004 -28"><span class='ocrx_word' id='word_1_202' title='bbox 77 2819 263 2909; x_wconf 79' lang='grc' dir='ltr'><strong><em>ἐπικουρία,</em></strong></span> <span class='ocrx_word' id='word_1_203' title='bbox 294 2820 384 2907; x_wconf 84' lang='grc' dir='ltr'><strong><em>λέγει</em></strong></span> <span class='ocrx_word' id='word_1_204' title='bbox 407 2816 489 2905; x_wconf 86' lang='grc' dir='ltr'><strong><em>πρὸς</em></strong></span> <span class='ocrx_word' id='word_1_205' title='bbox 512 2812 630 2898; x_wconf 86' lang='grc' dir='ltr'><strong><em>αύτάς·</em></strong></span> <span class='ocrx_word' id='word_1_206' title='bbox 666 2817 799 2909; x_wconf 88' lang='grc' dir='ltr'><strong><em>Ταύτην</em></strong></span> <span class='ocrx_word' id='word_1_207' title='bbox 822 2827 958 2908; x_wconf 82' lang='grc' dir='ltr'><strong><em>ἔχουσαι</em></strong></span> <span class='ocrx_word' id='word_1_208' title='bbox 980 2816 1042 2907; x_wconf 90' lang='grc' dir='ltr'><strong><em>τῆν</em></strong></span> <span class='ocrx_word' id='word_1_209' title='bbox 1169 2883 1172 2912; x_wconf 58' lang='grc'><strong><em>,</em></strong></span> 
     </span>
     <span class='ocr_line' id='line_1_28' title="bbox 77 2917 1042 3010; baseline 0.001 -24"><span class='ocrx_word' id='word_1_210' title='bbox 77 2917 219 3010; x_wconf 88' lang='grc' dir='ltr'><strong><em>πιναράν</em></strong></span> <span class='ocrx_word' id='word_1_211' title='bbox 236 2948 272 2990; x_wconf 89' lang='grc' dir='ltr'><strong><em>τε</em></strong></span> <span class='ocrx_word' id='word_1_212' title='bbox 290 2923 347 2991; x_wconf 81' lang='grc' dir='ltr'><strong><em>καὶ</em></strong></span> <span class='ocrx_word' id='word_1_213' title='bbox 364 2917 512 3009; x_wconf 81' lang='grc' dir='ltr'><strong><em>ἄκοσμον</em></strong></span> <span class='ocrx_word' id='word_1_214' title='bbox 530 2920 732 3007; x_wconf 80' lang='grc' dir='ltr'><strong><em>έσθῆτακοιὶ</em></strong></span> <span class='ocrx_word' id='word_1_215' title='bbox 748 2919 806 3002; x_wconf 84' lang='grc' dir='ltr'><strong><em>τάς</em></strong></span> <span class='ocrx_word' id='word_1_216' title='bbox 820 2917 922 2999; x_wconf 86' lang='grc' dir='ltr'><strong><em>άλλας</em></strong></span> <span class='ocrx_word' id='word_1_217' title='bbox 937 2946 1042 3008; x_wconf 90' lang='grc' dir='ltr'><strong><em>παρα·</em></strong></span> 
     </span>
     <span class='ocr_line' id='line_1_29' title="bbox 78 3009 1171 3111; baseline 0.003 -24"><span class='ocrx_word' id='word_1_218' title='bbox 78 3024 235 3108; x_wconf 82' lang='grc' dir='ltr'><strong><em>λαβούσαι</em></strong></span> <span class='ocrx_word' id='word_1_219' title='bbox 261 3037 423 3111; x_wconf 74' lang='grc' dir='ltr'><strong><em>γυναῖκας</em></strong></span> <span class='ocrx_word' id='word_1_220' title='bbox 446 3022 502 3091; x_wconf 82' lang='grc' dir='ltr'><strong><em>καὶ</em></strong></span> <span class='ocrx_word' id='word_1_221' title='bbox 525 3017 689 3092; x_wconf 78' lang='grc' dir='ltr'><strong><em>τὰτέκνα</em></strong></span> <span class='ocrx_word' id='word_1_222' title='bbox 716 3017 919 3110; x_wconf 77' lang='grc' dir='ltr'><strong><em>ἐπαγόμεναι</em></strong></span> <span class='ocrx_word' id='word_1_223' title='bbox 942 3026 1043 3108; x_wconf 86' lang='grc' dir='ltr'><strong><em>βαδί-</em></strong></span> <span class='ocrx_word' id='word_1_224' title='bbox 1168 3009 1171 3062; x_wconf 62' lang='lat' dir='ltr'>I</span> 
     </span>
     <span class='ocr_line' id='line_1_30' title="bbox 79 3119 1043 3215; baseline 0.002 -25"><span class='ocrx_word' id='word_1_225' title='bbox 79 3127 187 3210; x_wconf 80' lang='grc' dir='ltr'><strong><em>ζωμεν·</em></strong></span> <span class='ocrx_word' id='word_1_226' title='bbox 204 3125 259 3193; x_wconf 81' lang='grc' dir='ltr'><strong><em>ἐπὶ</em></strong></span> <span class='ocrx_word' id='word_1_227' title='bbox 275 3121 339 3213; x_wconf 83' lang='grc' dir='ltr'><strong><em>τῆν</em></strong></span> <span class='ocrx_word' id='word_1_228' title='bbox 358 3121 565 3215; x_wconf 80' lang='grc' dir='ltr'><strong><em>Οὐετουρίας</em></strong></span> <span class='ocrx_word' id='word_1_229' title='bbox 587 3126 647 3211; x_wconf 91' lang='grc' dir='ltr'><strong><em>τῆς</em></strong></span> <span class='ocrx_word' id='word_1_230' title='bbox 665 3130 827 3215; x_wconf 88' lang='grc' dir='ltr'><strong><em>Μαρκίου</em></strong></span> <span class='ocrx_word' id='word_1_231' title='bbox 850 3119 973 3213; x_wconf 82' lang='grc' dir='ltr'><strong><em>μητρὸς</em></strong></span> <span class='ocrx_word' id='word_1_232' title='bbox 990 3130 1043 3192; x_wconf 86' lang='grc' dir='ltr'><strong><em>οί-</em></strong></span> 
     </span>
     <span class='ocr_line' id='line_1_31' title="bbox 80 3219 1094 3317; baseline 0.002 -27"><span class='ocrx_word' id='word_1_233' title='bbox 80 3229 166 3293; x_wconf 89' lang='grc' dir='ltr'><strong><em>κίαν·</em></strong></span> <span class='ocrx_word' id='word_1_234' title='bbox 194 3226 251 3295; x_wconf 79' lang='grc' dir='ltr'><strong><em>καὶ</em></strong></span> <span class='ocrx_word' id='word_1_235' title='bbox 269 3224 334 3317; x_wconf 85' lang='grc' dir='ltr'><strong><em>πρὸ</em></strong></span> <span class='ocrx_word' id='word_1_236' title='bbox 357 3230 426 3297; x_wconf 74' lang='grc' dir='ltr'><strong><em>τῶν</em></strong></span> <span class='ocrx_word' id='word_1_237' title='bbox 442 3221 596 3313; x_wconf 87' lang='grc' dir='ltr'><strong><em>γονάτων</em></strong></span> <span class='ocrx_word' id='word_1_238' title='bbox 619 3219 722 3312; x_wconf 89' lang='grc' dir='ltr'><strong><em>αύτῆς</em></strong></span> <span class='ocrx_word' id='word_1_239' title='bbox 739 3221 779 3294; x_wconf 83' lang='grc' dir='ltr'><strong><em>τά</em></strong></span> <span class='ocrx_word' id='word_1_240' title='bbox 796 3227 898 3295; x_wconf 88' lang='grc' dir='ltr'><strong><em>τέκνα</em></strong></span> <span class='ocrx_word' id='word_1_241' title='bbox 914 3236 1042 3312; x_wconf 74' lang='grc' dir='ltr'><strong><em>θεῖσαι,</em></strong></span> <span class='ocrx_word' id='word_1_242' title='bbox 1060 3243 1094 3293; x_wconf 82' lang='lat'><strong><em>30</em></strong></span> 
     </span>
     <span class='ocr_line' id='line_1_32' title="bbox 82 3320 1045 3417; baseline 0.006 -27"><span class='ocrx_word' id='word_1_243' title='bbox 82 3322 233 3413; x_wconf 83' lang='grc' dir='ltr'><strong><em>δεύμεθα</em></strong></span> <span class='ocrx_word' id='word_1_244' title='bbox 250 3326 332 3417; x_wconf 86' lang='grc' dir='ltr'><strong><em>μετά</em></strong></span> <span class='ocrx_word' id='word_1_245' title='bbox 350 3325 509 3417; x_wconf 83' lang='grc' dir='ltr'><strong><em>δακρύων</em></strong></span> <span class='ocrx_word' id='word_1_246' title='bbox 525 3320 611 3414; x_wconf 86' lang='grc' dir='ltr'><strong><em>ῆμάς</em></strong></span> <span class='ocrx_word' id='word_1_247' title='bbox 629 3353 666 3395; x_wconf 84' lang='grc' dir='ltr'><strong><em>τε</em></strong></span> <span class='ocrx_word' id='word_1_248' title='bbox 683 3333 896 3415; x_wconf 75' lang='grc' dir='ltr'><strong><em>οἰκτείρασαν</em></strong></span> <span class='ocrx_word' id='word_1_249' title='bbox 908 3322 966 3404; x_wconf 87' lang='grc' dir='ltr'><strong><em>τάς</em></strong></span> <span class='ocrx_word' id='word_1_250' title='bbox 979 3353 1045 3414; x_wconf 84' lang='grc' dir='ltr'><strong><em>μη·</em></strong></span> 
     </span>
     <span class='ocr_line' id='line_1_33' title="bbox 82 3423 1159 3524; baseline 0.002 -29"><span class='ocrx_word' id='word_1_251' title='bbox 82 3424 176 3508; x_wconf 83' lang='grc' dir='ltr'><strong><em>θενός</em></strong></span> <span class='ocrx_word' id='word_1_252' title='bbox 199 3433 307 3500; x_wconf 84' lang='grc' dir='ltr'><strong><em>κακού</em></strong></span> <span class='ocrx_word' id='word_1_253' title='bbox 328 3437 436 3508; x_wconf 89' lang='grc' dir='ltr'><strong><em>αίτίας</em></strong></span> <span class='ocrx_word' id='word_1_254' title='bbox 460 3431 516 3498; x_wconf 78' lang='grc' dir='ltr'><strong><em>καὶ</em></strong></span> <span class='ocrx_word' id='word_1_255' title='bbox 538 3423 601 3524; x_wconf 86' lang='grc' dir='ltr'><strong><em>τῆν</em></strong></span> <span class='ocrx_word' id='word_1_256' title='bbox 632 3431 669 3496; x_wconf 86' lang='grc' dir='ltr'><strong><em>έν</em></strong></span> <span class='ocrx_word' id='word_1_257' title='bbox 694 3425 841 3517; x_wconf 77' lang='grc' dir='ltr'><strong><em>ἐσχάτοις</em></strong></span> <span class='ocrx_word' id='word_1_258' title='bbox 871 3423 1044 3505; x_wconf 87' lang='grc' dir='ltr'><strong><em>κινδύνοις</em></strong></span> <span class='ocrx_word' id='word_1_259' title='bbox 1154 3446 1159 3457; x_wconf 90' lang='grc'>·</span> 
     </span>
    </p>
   </div>
   <div class='ocr_carea' id='block_1_3' title="bbox 0 0 1208 3850">
    <p class='ocr_par' dir='ltr' id='par_1_4' title="bbox 0 0 1208 3850">
     <span class='ocr_line' id='line_1_34' title="bbox 0 0 1208 3850; baseline 0 0"><span class='ocrx_word' id='word_1_260' title='bbox 0 0 1208 3850; x_wconf 95' lang='lat' dir='ltr'><strong><em> </em></strong></span> 
     </span>
    </p>
   </div>
  </div>
 </body>
</html>
