2384 3850
337 146 464 211 202
1121 144 1530 205 -H—

340 322 631 409 ζομένων
677 323 773 400 είς
819 331 999 408 τρεῖς
1046 314 1334 406 κλήρους
1381 322 1521 387 τῶν
1572 314 1897 406 λαφύρων
1949 313 2104 398 τούς
2150 317 2261 404 μὲν

319 417 675 514 ,ὑπηκόους
710 448 782 490 τε
816 421 929 489 καὶ
967 416 1306 507 ἐπήλυδας
1337 423 1668 509 διμοιρίας
1694 416 2088 508 λαμβάνειν,
2123 415 2261 498 τούς

344 520 427 592 δ’Ι
462 519 849 610 αὐθιγενεῖς
898 522 1009 591 καὶ
1058 517 1393 609 ἡγεμόνας
1435 526 1670 610 τρίτην
1721 525 1984 611 μερίδα.
2078 523 2149 589 ἐκ
2198 519 2259 587 δὲ
2275 538 2345 587 169

338 623 578 695 τούτου
629 629 821 693 δυεῖν
876 617 1507 693 τῶν’άτοπωτάτων
1551 619 1854 711 θάτερον
1892 624 2260 692 ἐπεδείκνυ-

266 724 305 800 ’5
340 747 469 797 σαν
520 721 746 807 αὐτοῖς
809 720 1357 813 συμβησόμενον,
1429 720 1551 795 ἐάν
1607 750 1792 804 τινας
1851 725 2120 814 ἑτέρους
2167 718 2260 791 διὰ

342 824 588 909 πολλὰς
625 828 738 896 καὶ
772 823 1062 915 μεγάλας
1100 821 1485 916 εὐεργεσίας
1519 827 1935 916 προέλωνται
1970 840 2117 906 ταῖς
2151 820 2260 892 αὐ-

340 944 486 1010 ταῖς
520 933 790 1017 τιμῆσαι
828 933 1150 1017 δωρεαῖς,
1197 921 1303 1007 αἶς
1338 932 1672 1007 Λατίνους
1706 953 1778 996 τε
1815 928 2134 1015 ἐτίμησαν
2165 925 2258 994 καὶ

341 1027 495 1109 τοῦς
547 1027 705 1152 μηδ’
760 1026 988 1100 ὁτιοῦν
1034 1025 1298 1117 ἀγαθὸν
1352 1024 1915 1117 ἀποδειξαμένους
1944 1026 2258 1119 ’Ἕρνικας

344 1159 499 1219 μιας
548 1158 678 1221 γαρ
717 1131 1280 1219 καταλειπομένης
1329 1125 1558 1211 αὐτοῖς
1603 1137 1829 1221 τρίτης
1876 1134 2180 1219 μερίδος,
2225 1122 2259 1213 ἢ

249 1257 311 1306 10
346 1230 469 1321 οῦχ
518 1233 693 1314 ἕξειν
748 1227 849 1302 ὅτι
898 1230 1237 1303 δώσουσιν
1286 1235 1567 1311 ἐκείνοις
1625 1232 1822 1322 μέρος
1879 1225 1922 1320 ἢ
1970 1259 2051 1300 τα
2086 1225 2259 1319 ὅμοια

346 1334 852 1424 ψηφισαμένους
887 1334 1102 1422 μηδὲν
1136 1337 1399 1414 ἑαυτοῖς
1435 1340 1879 1416 καταλείψειν.
2344 1376 2345 1424 2

497 1434 859 1506 LXXVIII.
926 1432 1113 1527 Πρός
1162 1434 1240 1504 δὲ
1284 1462 1549 1515 τουτοις
1585 1431 1968 1523 διεξῄεσαν,
2018 1429 2117 1503 ὅτι
2161 1436 2255 1517 δη·
2344 1428 2345 1480 3

347 1539 589 1625 μεῦσαι
634 1535 715 1609 τὰ
749 1532 944 1609 κοινὰ
977 1540 1093 1625 τῆς
1140 1534 1398 1617 πόλεως
1444 1533 1922 1624 ἐπιβαλόμενος
1968 1532 2123 1606 οὔτε
2163 1535 2256 1619 τῆς

349 1643 597 1728 βουλῆς
631 1641 1098 1730 ψηφισαμένης
1133 1665 1290 1709 ουτε
1323 1640 1416 1731 τῷ
1454 1637 1820 1730 συνυπάτῳ
1858 1643 2127 1723 δοκοῦν,
2161 1641 2257 1723 βίᾳ

255 1765 319 1813 15
350 1746 644 1863 κυροῦν
662 1745 979 1830 ἐμέλλησε
1022 1738 1140 1810 τὸν
1186 1736 1431 1828 νόμον,
1485 1735 1560 1819 ὃς
1606 1734 1690 1809 οὐ
1737 1735 1896 1808 καθ’
1964 1742 2044 1808 ἓν
2090 1738 2256 1807 τοῦτο

351 1841 558 1932 μόνον
603 1833 692 1932 ἦν
727 1837 1115 1932 ἀσύμφορός
1158 1868 1233 1910 τε
1267 1841 1380 1910 καὶ
1414 1836 1679 1929 αδικος,
1730 1867 1833 1909 οτι
1869 1839 2258 1931 προβουλεῦ-

354 1967 465 2013 σαι
516 1946 670 2013 δέον
719 1942 793 2013 τὸ
845 1946 1205 2032 συνέδριον
1240 1946 1352 2012 καὶ
1389 1949 1451 2012 εί
1488 1941 1744 2025 δόξειεν
1782 1943 2019 2035 ἐκείνω
2055 1937 2260 2026 κοινὴν

353 2038 673 2114 απάντων
708 2044 882 2114 εἶναι
916 2047 1053 2114 τῶν
1089 2047 1163 2114 έν
1197 2045 1370 2114 τέλει
1418 2041 1545 2131 τὴν
1580 2049 2105 2135 φιλανθρωπίαν
2136 2036 2260 2118 ἑνὸς

269 2192 290 2197 ·
354 2142 603 2234 ἀνδρὸς
652 2148 860 2217 ἐποίει
906 2173 1030 2235 την
1076 2142 1306 2236 χάριν
1375 2142 1546 2215 ἀλλα
1591 2147 1705 2215 καὶ
1751 2141 1896 2215 κατ’
1953 2147 2163 2216 έκεῖνο
2202 2137 2261 2209 τὸ

255 2269 321 2318 20
358 2243 631 2319 πάντων
677 2244 1190 2338 σχετλιωτατον,
1247 2275 1349 2317 οτι
1394 2244 1570 2340 λόγῳ
1615 2246 1742 2336 μὲν
1790 2244 1975 2327 δόσις
2020 2235 2108 2334 ἦν
2145 2258 2264 2321 τοῖς
2342 2330 2343 2333 ¹

356 2354 653 2430 πολίταις
700 2354 819 2437 τῆς
871 2355 1192 2438 δημοσίας
1238 2345 1492 2439 χώρας,
1557 2354 1732 2442 ἔργω
1784 2347 1858 2417 δὲ
1911 2344 2264 2442 ἀφαίρεσις,
2342 2344 2343 2418 ζ

345 2448 686 2539 Ρωμαίων
732 2451 860 2540 μὲν
903 2455 1040 2520 τῶν
1088 2451 1525 2538 κτησαμένων
1581 2446 1795 2537 αὐτὴν
1842 2453 2006 2539 μίαν
2052 2464 2267 2538 μοῖραν
2282 2457 2344 2553 1ῡῆ

357 2553 792 2642 ληψομένων,
822 2547 1145 2643 Ἑρνίκων
1183 2552 1260 2622 δὲ
1295 2553 1407 2621 καὶ
1442 2558 1758 2622 Λατίνων
1791 2545 1894 2632 οἷς
1927 2545 2138 2621 οὐθὲν
2169 2541 2266 2616 αὖ·

356 2652 473 2738 τῆς
538 2659 747 2740 μετῆν
802 2650 919 2735 τὰς
987 2651 1140 2722 δύο·
1209 2654 1321 2722 καὶ
1379 2650 1467 2734 ὥς
1518 2647 1681 2723 οὐδὲ
1736 2668 1874 2734 τοῖς
1933 2649 2268 2741 δημάρχοις

257 2772 324 2823 25
362 2755 829 2826 ἐναντιωθεῖσι
875 2755 986 2822 καὶ
1032 2751 1406 2844 παραλύειν
1465 2756 1538 2824 ἐκ
1582 2755 1704 2824 τοῦ
1746 2750 1960 2844 νόμου
2008 2751 2268 2840 θάτερον

359 2848 618 2936 ἀξιοῦσι
653 2856 850 2945 μέρος
884 2850 958 2924 τὸ
995 2853 1161 2923 κατὰ
1196 2851 1321 2942 τὴν
1348 2861 1728 2948 ἰσομοιρίαν
1754 2857 1892 2924 τοῖν
1918 2849 2266 2942 ἐπηλύδων,

361 2957 677 3044 ἐπείσθη,
750 2951 919 3025 ἄλλα
975 2958 1088 3028 καὶ
1152 2954 1513 3047 δημάρχοις
1581 2957 1695 3026 καὶ
1757 2952 2120 3048 συνυπάτῳ
2176 2949 2265 3021 καὶ

360 3061 573 3145 βουλῇ
621 3059 736 3128 καὶ
787 3061 950 3128 πᾶσι
996 3073 1134 3139 τοῖς
1179 3051 1352 3148 ὑπὲρ
1406 3061 1526 3128 τοῦ
1571 3060 1803 3128 κοινοῦ
1848 3053 1930 3126 τὰ
1978 3054 2265 3147 κράτιστα

361 3161 875 3246 βουλευομένοις
910 3154 1233 3229 τάναντία
1278 3156 1589 3249 πράττων
1625 3161 1978 3229 διετέλεσε.
2055 3158 2265 3237 διεξελ·
2340 3229 2341 3232 ¹

264 3278 330 3327 30
364 3254 602 3338 θόντες
667 3258 740 3327 δὲ
796 3263 1041 3348 ταῦτα,
1113 3262 1227 3329 καὶ
1295 3258 1634 3350 μάρτυρας
1705 3255 1932 3330 αὐτῶν
2002 3257 2267 3332 ἅπαντας

363 3353 519 3437 τοῦς
557 3365 829 3440 πολίτας
875 3358 1349 3450 ποιησάμενοι,
1394 3360 1560 3450 μετὰ
1605 3364 1804 3439 τοῦτο
1848 3358 1982 3450 ἥδη
2031 3361 2137 3430 καὶ
2175 3353 2266 3433 τὰς
2340 3413 2341 3425 ¹

366 3453 787 3549 ἀπορρήτους
829 3462 945 3547 τῆς
979 3467 1381 3553 τυραννίδος
1425 3470 1823 3553 παρείχοντο
1872 3468 2154 3548 πίστεις,
2198 3450 2266 3534 ὦς
