2384 3850
455 126 498 134 —
542 91 568 151 Z
612 125 654 135 -—
989 93 1033 156 33

43 264 114 360 ντες
139 259 215 332 ἀλλ’
237 259 423 350 ἀναγκαῖον
440 260 599 352 ἡγεῖσθαι
620 260 657 333 τό
682 266 841 353 ἐπιεικές,
868 261 976 348 άλλως
995 294 1032 335 τε

44 367 111 435 καὶ
136 361 220 454 πρός
243 362 321 444 τούς
344 368 692 454 συμπολιτευομένους
722 362 775 435 ἐπ’
801 362 918 457 εὐνοίᾳ
941 366 1032 455 γινό-

45 484 176 556 μενον·
203 472 329 553 μανίαν
351 491 387 535 τε
404 462 592 554 ἀπέφαινον
617 463 721 536 αὐτού
742 464 804 555 την
822 466 1033 558 συμβουλὴν,

45 563 93 638 ού
128 574 323 655 παρρησίαν
355 565 436 637 οὐδὲ
473 571 682 654 ἐλευθερίαν,
735 566 843 658 βραχύ
877 569 939 659 μὲν
968 560 1047 640 ούνν
1171 589 1175 616 ³

47 672 157 740 τούτο
180 667 217 738 τὸ
238 670 337 758 μέρος
360 671 416 738 καλ
433 666 576 751 ἀσθενλς
594 663 636 738 όν
653 682 870 760 περιεωθεῖτο
888 666 953 740 ἀπὸ
971 674 1033 740 τού
1066 691 1084 740 5

48 772 258 859 βιαιοτέρου.
302 774 408 839 ταῦτα
433 771 470 840 δὲ
492 765 636 860 ὁρωντες
659 777 696 841 οί
717 769 895 861 δήμαρχοι·
923 779 1034 863 παρῆ-

50 894 123 942 σαν
140 870 206 960 γὰρ
223 874 272 964 τῷ
288 876 457 965 συνεδρίῳ
476 874 748 962 παρακληθέντες
764 871 832 943 ύπδ
850 877 918 943 τῶν
941 870 1030 943 ἀπά-

50 990 141 1044 των·
171 971 279 1060 ἐβόων
301 1000 338 1042 τε
360 975 416 1043 καλ
440 969 607 1063 ἤσπαιρον
629 973 769 1045 καὶτὸν
792 972 951 1064 Μάρκιον
975 983 1033 1044 λυ·

51 1078 173 1164 μεῶνα
191 1075 246 1144 καλ
265 1070 409 1166 ὄλεθρον
426 1079 483 1164 τῆς
502 1073 630 1158 πόλεως
647 1073 840 1147 ἀπεκάλουν
864 1074 1032 1167 πονηρούς

54 1172 227 1259 διεξιόντα
251 1173 333 1245 κατά
354 1180 415 1246 τοῦ
441 1174 549 1266 δήμου
574 1174 712 1266 λόγους,
738 1179 795 1246 καὶ
814 1176 906 1266 εἰμὴ
924 1176 1030 1248 κωλύ-
1050 1201 1086 1249 10
1182 1260 1183 1273 ρ

55 1301 162 1360 σειαυΙ
180 1274 285 1348 αὐτόν
307 1281 342 1346 οί
357 1284 522 1370 πατρίκιοι
547 1277 694 1367 πόλεμον
718 1276 881 1368 ἐμφύλιον
906 1286 953 1360 είς
970 1278 1033 1367 τὴν

56 1377 162 1450 πόλιν
182 1377 359 1467 εἰσάγοντα
376 1378 516 1474 θανάτῳ
534 1379 757 1469 ζημιώσαντες
775 1373 915 1470 ἢφυγῇ,
934 1378 1032 1451 αύτολ

6 1505 47 1553 συ
57 1478 216 1569 ποιήσειν
232 1477 323 1551 τοῦτ’
345 1487 470 1569 ἔλεγον.
506 1479 660 1571 θορύβου
679 1480 711 1550 δ’
733 1487 781 1550 ἐτι
805 1489 959 1564 πλείονος
978 1484 1034 1550 ἐπὶ

57 1598 130 1664 τοῖς
153 1579 264 1670 λόγοις
283 1588 351 1652 τῶν
375 1579 556 1673 δημάρχων
579 1584 778 1672 γενομένου,
809 1584 867 1650 καὶ
890 1580 1035 1671 μάλιστα

59 1689 98 1755 ἐκ
123 1687 192 1754 των
220 1687 394 1774 νεωτέρων
422 1681 481 1764 τάς
510 1680 648 1765 ἀπειλάς
679 1681 1032 1773 δυσανασχετούντων,
1054 1707 1087 1757 15

61 1782 370 1876 ἐπαρθελςτούτοις
387 1783 406 1855 ὁ
425 1783 578 1873 Μάρκιος
596 1783 847 1876 αὐθαδέστερον
864 1781 930 1874 ἤδη
949 1797 1033 1855 καθ·

60 1887 185 1981 η’πτετο
208 1891 276 1959 τῶν
295 1883 476 1978 δημάρχων
493 1889 548 1957 καλ
567 1883 796 1980 θρασύτερον·
822 1893 868 1959 Εί
884 1884 929 1978 μη
949 1884 1034 1958 παύ-

60 2002 166 2061 σεσθε
188 1990 318 2079 μέντοι,
342 1992 467 2078 λέγων,
490 1987 706 2079 ταράττοντες
729 1990 792 2079 την
816 1987 915 2060 πόλιν
937 1987 1034 2079 ὑμεῖς

62 2096 121 2163 καὶ
152 2093 476 2181 ἐκδημαγωγοῦντες,
495 2086 573 2175 τούς
602 2089 770 2184 ἀπόρους,
801 2088 914 2162 ούκέτι
945 2090 1034 2184 λόγῳ

64 2201 234 2281 διοίσομαι
251 2192 332 2283 πρὸς
350 2190 448 2282 ὑμᾶς,
467 2188 540 2263 ἀλλ’
563 2199 659 2287 ἔργω.
1053 2215 1088 2263 20

142 2294 264 2363 XXVI.
293 2292 517 2384 Ἠγριωμέυης
542 2294 579 2363 δέ
595 2298 654 2382 τῆς
672 2297 813 2381 βουλῆς,
839 2288 883 2373 ὡς
906 2301 1037 2381 ἔμαθον

65 2403 102 2467 οί
123 2395 285 2487 δήμαρχοι
314 2402 450 2477 πλείους
474 2393 573 2475 ὄντας
603 2392 680 2476 τούς
703 2394 928 2483 βουλομένους
951 2391 1037 2481 ἀφε-

67 2502 187 2569 λέσθαι
209 2498 271 2589 τὴν
295 2503 459 2568 δοθεῖσαν
483 2500 639 2581 ἐξουσίαν
660 2500 706 2589 τῷ
732 2492 826 2588 δήμω
850 2498 919 2564 των
938 2497 1038 2583 ἐμμέ·

67 2629 141 2672 υειν
165 2617 236 2681 ταῖς
260 2598 451 2689 ὁμολογίαις
475 2595 679 2685 ἀξιούντων,
711 2600 893 2688 ἐξέδραμον
918 2599 954 2667 ἐκ
977 2596 1038 2667 τού

69 2710 309 2792 βουλευτηρίου
344 2698 541 2792 κεκραγότες
575 2703 632 2771 καλ
662 2698 765 2781 θεούς
795 2698 871 2781 τούς
902 2700 1037 2790 ὁρκίους
1055 2720 1092 2769 ‘25

70 2803 330 2893 ἐπικαλούμενοι.
375 2800 439 2872 καλ1
466 2799 548 2893 μετά
578 2806 675 2872 τοῦτο
710 2799 958 2890 συναγαγόντες
989 2806 1038 2882 είς

71 2912 248 2995 ἐκκλησίαν
269 2903 328 2974 τὸν
351 2908 475 2992 δῆμον,
508 2901 683 2991 ε’δήλωσαυ
713 2898 804 2996 αύτῷ
826 2901 904 2982 τούς
936 2904 973 2971 ἐν
996 2904 1038 2989 τῇ

72 3011 178 3097 βουλῇ
201 3008 365 3097 ῥηθέντας
384 3003 504 3094 λόγους
526 2999 592 3075 ύπό
615 3009 676 3074 τού
699 3010 873 3092 Μαρκίου,
904 3004 962 3072 καὶ
978 2998 1038 3071 τόν

72 3108 177 3199 ἀνδρα
202 3116 249 3191 είς
272 3102 457 3196 ἀπολογίαν
481 3106 633 3177 ἐκάλουν.
679 3100 723 3186 ως
741 3101 775 3175 δ’
800 3101 841 3174 ού
859 3122 1038 3194 προσεῖχεν

73 3207 199 3299 αὐτοῖς,
229 3206 314 3279 ἀλλά
345 3211 400 3278 καὶ
427 3206 504 3291 τούς
535 3202 704 3299 ύπηρέτας
729 3203 788 3293 ὑφ’
817 3196 865 3277 ύυ
889 3210 1038 3276 ἐκαλεῖτο
1055 3228 1091 3275 30

74 3319 326 3404 προπηλακίζων
343 3326 412 3393 τοῖς
430 3308 539 3398 λόγοις
557 3305 728 3397 ἀνεῖρξεν,
746 3304 1038 3396 ἀγανακτήσαντες

15 3436 65 3485 ,371
76 3422 121 3487 ἐτι
138 3419 264 3503 μᾶλλον
287 3418 322 3483 οί
344 3410 505 3503 δήμαρχοι
523 3407 772 3503 παραλαβόντες
798 3407 875 3489 τούς
898 3436 933 3477 τε
958 3404 1039 3493 ἀγυ-

124 3560 200 3597 mon.
213 3560 258 3595 111.
866 3518 887 3581 3
