2384 3850
462 97 667 156 -Η-

24 251 38 310 δ’
76 276 162 356 πίνη
181 270 222 337 δέ
236 297 286 349 τις
303 266 418 357 φωνή·
446 267 588 361 μάλιστα
614 268 646 340 δ’
666 266 743 340 ὅσαι
765 270 848 361 πρὸς
871 269 961 366 ἀλλςο
980 276 1049 342 τινὶ

77 370 139 440 τόν
155 373 242 441 νοῶν
259 372 393 459 ἔχουσαι
416 376 598 461 τηνικαῦτα
616 378 750 461 ἔτυχον,
781 368 843 443 ούκ
861 378 994 445 ίδοῦσαι
1012 374 1050 445 τδ

78 468 318 561 φθεγγόμενον
340 470 360 541 ὅ
382 502 414 542 τι
438 501 517 544 ποτε
539 464 595 562 ήν,
612 472 740 562 ταύτην
769 473 859 563 εἶχον
881 474 944 563 τήν
966 474 1049 567 πρὸς
1139 564 1140 567 ¹

78 573 139 654 τδις
159 570 300 653 ίδούσας
319 569 486 645 ἀπιστίαν.
514 571 618 645 ἔπειτ’
642 566 743 657 αὖθις
761 573 972 663 πληθύοντος
990 580 1051 661 τού

79 674 149 745 νεῶ
173 676 230 744 καὶ
253 678 381 763 σιωπῆς
404 684 560 763 πλείστης
583 675 667 747 κατά
692 682 834 767 δαίμονα
857 672 1049 767 γενομένης,
1086 706 1102 755 5

81 781 119 846 ἐν
144 783 271 867 μείζονι
301 781 400 867 φωνή
434 776 471 848 τὸ
502 776 583 848 αὐτὸ
615 774 735 861 ξόανον
770 781 954 868 ἐφθέγξατο
988 776 1051 867 τήν

79 875 188 966 αύτήν
205 881 310 969 λέξιν,
338 875 423 948 ὥστε
439 880 546 968 μηδὲν
564 886 611 950 ἔτι
630 878 775 964 εἶναιτὸ
793 877 989 969 ἀμφίλογον.
1029 878 1050 969 ή

80 980 143 1067 μὲν
165 968 229 1049 οὖν
246 979 353 1069 βουλή
377 978 422 1060 ῶς
444 977 538 1051 ταῦτ’
564 988 692 1071 ἔμαθεν
716 984 903 1071 ἐψηφίσατο
926 988 1051 1065 θυσίας

81 1079 185 1161 ἀλλας
202 1083 259 1150 καὶ
276 1079 465 1171 σεβασμούς
487 1078 546 1165 ούς
564 1076 607 1153 ἀν
631 1089 664 1153 οί
685 1087 753 1153 τῶν
777 1087 878 1174 ἱερῶν
896 1086 1051 1174 ἐξηγηταὶ

17 1203 71 1251 ιλιι
82 1186 259 1273 παραδῶσι
275 1181 355 1254 καθ’
378 1188 518 1254 ἕκαστον
535 1192 607 1268 ἔτος
626 1188 797 1255 ἐπιτελεῖν.
827 1192 865 1255 αδ
880 1185 917 1256 δὲ
930 1202 1051 1274 γυναλ-
1070 1213 1102 1261 10

81 1313 136 1367 κες
156 1286 195 1353 έν
211 1291 284 1355 ἔθει
302 1283 547 1373 κατεστήσαντο
570 1290 612 1377 τῇ
628 1291 686 1376 τῆς
705 1292 828 1375 ἱερείας
846 1284 1051 1377 χρησάμεναι

81 1387 217 1475 γνῶμη,
241 1389 290 1478 τῶ
306 1385 414 1480 ξοάνῳ
431 1386 539 1481 τούτω
557 1387 640 1477 μήτε
658 1385 845 1477 στεφάνους
865 1391 1052 1479 ἐπιτιθέναι

81 1484 165 1576 μήτε
195 1504 307 1577 χεῖρας
343 1492 547 1579 προσφέρειν
576 1504 739 1577 γυναῖκας
776 1487 852 1557 ὅσαι
884 1493 1052 1577 δευτέρων

83 1585 314 1678 ἐπειράθησαν
338 1588 472 1678 γάμων,
503 1589 566 1678 τήν
595 1590 633 1659 δὲ
658 1588 758 1677 τιμήν
783 1592 839 1657 καὶ
862 1598 1051 1676 θεραπείαν

83 1686 188 1759 αὐτοῦ
205 1694 316 1762 πάσαν
333 1688 564 1761 ἀποδεδόσθαι
580 1708 654 1771 ταῖς
672 1687 855 1779 νεογάμοις.
875 1688 960 1759 ἀλλὰ
974 1693 1051 1780 περὶ
1070 1719 1103 1767 15

82 1793 143 1879 μέν
160 1788 289 1861 τούτων
312 1789 391 1864 οὔτε
407 1803 593 1883 παρελθεῖν
616 1790 680 1880 τήν
705 1791 882 1881 ἐπιχῶριον
901 1798 1052 1882 ἱστορίαν
1135 1826 1137 1829 ·

82 1895 192 1974 καλῶς
220 1893 325 1984 εἶχεν,
361 1891 438 1966 ούτε
470 1902 609 1966 πλείονα
639 1896 717 1983 περὶ
748 1891 850 1983 αὐτῆς
880 1905 1053 1964 ποιεῖσθαι

83 1994 193 2083 λόγον.
240 1994 391 2086 ἐπάνειμι
420 1993 456 2066 δ’
488 1993 573 2069 ὅθεν
609 2004 656 2080 είς
690 2001 808 2067 τοῦτον
844 1991 961 2085 ἐξέβην
994 1995 1054 2068 τὸν

84 2095 197 2185 λόγον,
292 2157 299 2162 .
1179 2161 1180 2166 ,

160 2196 262 2266 LVII.
285 2195 381 2268 Μετά
398 2197 460 2288 τήν
478 2203 515 2270 έκ
531 2203 592 2270 τού
610 2197 753 2288 χάρακος
771 2195 968 2287 ἀπαλλαγήν
985 2202 1054 2270 τῶν
1071 2225 1105 2273 20
1178 2253 1179 2284 ;

84 2303 257 2387 γυναικῶν
273 2297 291 2369 ὁ
305 2298 457 2390 Μάρκιος
474 2303 551 2388 περὶ
563 2299 623 2370 τὸν
640 2298 768 2387 ὄρθρον
785 2297 975 2386 ἀναστήσας
992 2300 1055 2387 τὴν

87 2402 245 2489 στρατιὰν
267 2398 396 2491 ἀπῆγεν
419 2398 464 2482 ῶς
490 2399 545 2471 διά
567 2408 700 2490 φιλίας,
732 2403 788 2469 καὶ
814 2399 928 2489 ἐπειδὴ
954 2403 990 2468 έν
1013 2403 1055 2491 τῇ
1097 2427 1102 2433 ·
1177 2403 1178 2443 ¹

89 2501 315 2574 Οὐολούσκων
339 2505 487 2592 ἐγένετο,
517 2500 628 2573 πάντα
652 2500 715 2571 ὅσα
742 2503 868 2571 ἐκτῶν
892 2498 1055 2590 λαφύρων
1174 2507 1177 2588 λ

88 2610 186 2694 ἔλαβε
204 2602 440 2695 δωρησάμενος
456 2621 525 2687 τοῖς
544 2601 777 2706 στρατιώταις,
797 2605 904 2696 ἑαυτῷ
924 2600 955 2672 δ’
976 2600 1051 2672 οὐδ’
1173 2611 1176 2714 ή

26 2723 79 2772 1643
88 2703 201 2777 ὁτιοῦν
223 2701 487 2795 ὑπολειπόμενος
494 2758 504 2794 ,
535 2703 705 2775 ἀπέλυσεν
728 2707 782 2775 ἐπὶ
807 2703 848 2774 τά
871 2711 987 2776 οἰκεῖα.
1033 2702 1106 2794 ή25
1172 2715 1175 2784 ι

88 2808 149 2894 μὲν
176 2798 240 2884 οὖν
263 2806 498 2896 κοινωνήσασα
526 2811 595 2878 τῶν
623 2804 767 2895 άγῶνων
796 2803 886 2900 αύτῷ
919 2805 1055 2896 στρατιά

88 2906 221 3003 πλούτφ
250 2917 370 2999 βαρεῖα
399 2906 586 2999 ἀφικομένη
616 2908 679 2998 τήν
705 2938 742 2980 τε
771 2905 971 2980 ἀνάπαυλαν
993 2905 1056 2978 οὐκ

89 3007 200 3098 ἀηδῶς
220 3014 352 3095 ἐδέξατο
369 3014 432 3082 τού
447 3017 595 3101 πολέμου
618 3014 673 3080 καὶ
693 3006 738 3080 δι’
760 3006 895 3091 εύνοίας
914 3008 981 3097 εἶχε
997 3006 1057 3079 τδν

91 3108 209 3202 ἀνδρα,
228 3111 428 3203 συγγνώμης
446 3141 482 3183 τε
499 3110 594 3197 ἀξιον
611 3107 739 3204 ἡγεῖτο,
759 3118 791 3181 εί
806 3108 851 3202 μή
868 3114 961 3191 τέλος
981 3113 1058 3180 έπέτ

90 3223 175 3302 θηκε
191 3217 239 3309 τῷ
256 3217 389 3308 πολέμῳ
407 3214 530 3306 μητρὸς
548 3223 680 3295 οίκτους
699 3215 754 3282 καὶ
768 3211 858 3296 λιτάς
873 3216 1055 3301 ἐντραπείς.
1074 3235 1108 3283 30

91 3308 111 3400 ή
129 3313 160 3385 δ’
182 3320 309 3399 ἐντοῖς
327 3315 464 3387 πόλεσιν
486 3315 697 3405 ὑπομείνασα
719 3313 853 3404 νεότης,
877 3317 1057 3403 φθονοῦσα

93 3416 152 3502 μὲν
176 3433 246 3500 τοῖς
276 3420 329 3489 έπλ
353 3422 581 3507 στρατοπέδου
609 3419 801 3506 γενομένοις
829 3419 898 3484 τῶν
923 3418 1057 3484 πολλῶν
