2384 3850
469 77 671 138 -Θ-
987 79 1050 146 θλλ

79 252 163 340 μέν,
198 245 368 341 σποράδες
386 251 424 322 δὲ
442 252 497 322 καὶ
520 247 583 322 οάκ
613 255 652 323 ἐν
668 249 759 337 τάξει
776 250 995 343 ἀμυνόμενοι·
1021 262 1055 328 ολ

81 353 122 424 δδ
146 358 297 422 πλεῖστοι
316 349 501 441 φεύγοντες
525 354 579 424 έπλ
602 351 661 424 τόν
684 358 798 445 ἕτερον
828 353 957 447 χάρακα
986 355 1055 430 ὑπὸ

81 458 152 525 τῶν
173 454 303 525 ίππέων
319 453 652 580 καταλαμβανόμενοι
663 455 916 580 διεφθάρησαν.

158 554 299 624 XXXV
333 559 459 628 Τοῦτον
478 556 568 628 δὲ
536 585 595 629 τον
612 555 737 681 τρόπον
754 553 891 640 ἁλόντος
907 565 969 630 τοῦ
985 564 1055 632 τῶν

2 671 65 723 838
79 665 246 744 Σαβίνων
262 656 462 782 χάρακος,η
440 648 502 748 ἦγε
518 657 581 749 τὴν
600 656 777 751 δόναμιν’
762 690 781 732 ο
798 657 980 754 Οὐαλέριος
997 664 1052 732 ἐπὶ
1088 684 1105 734 5

78 759 139 832 τὸν
157 763 284 853 ἕτερον,
304 767 390 832 ἔνθα
407 750 494 850 ἦσαν
511 790 529 832 ο
531 757 754 834 [Οὐιεντανοὶ
746 759 946 885 χωρίον’
904 791 945 834 ον
962 761 1054 835 πάνυ

79 859 205 955 ἐχυρόν
221 860 469 954 κατειληφότες
498 871 619 934 λαθεῖν
635 853 759 953 μέν
715 893 780 936 ουυ
803 863 914 936 οὐκέτι
940 867 1053 989 ε’νεδτέμ

77 991 156 1088 χετο
173 962 252 1048 τούς
268 963 469 1090 προσιόντας
491 967 539 1059 τῷ
560 962 694 1056 χάρακι
710 960 837 1137 ίἡμέρα
859 992 897 1036 τε
922 963 986 1058 χάρ
1008 957 1053 1056 ἦν

77 1063 146 1156 ἤδη
166 1065 321 1159 λαμπρά,
346 1069 466 1139 καὶ
418 1096 487 1138 των
505 1073 599 1156 Σαβί
596 1072 772 1157 νωνοίφ
746 1066 929 1158 εόγφοντες
946 1064 1093 1158 ἀπήγ·

77 1177 198 1259 χειλαν
214 1186 284 1252 τοῖς
295 1177 501 1261 Τυρρηνοῖς
517 1167 579 1258 τήν
601 1196 638 1239 τε
656 1163 769 1240 αὖτάν
791 1169 971 1292 συμφορὰν
994 1173 1051 1240 καλ
1069 1191 1102 1242 10

76 1268 209 1360 τηυπ
169 1264 221 1342 ἐπ’
243 1274 392 1352 ἐκείνους
423 1276 552 1342 ἔλασιν
586 1266 771 1360 ἀναγκαῖον
802 1261 882 1342 δέ
861 1300 906 1360 ην
930 1275 967 1341 ἐκ
989 1278 1052 1343 τοῦ

76 1379 246 1465 καρτεροῦ
276 1390 345 1455 τοϊς
368 1379 539 1462 πολεμίοις
562 1376 806 1491 συμφέρεσθαι.
847 1379 976 1461 γίνεται
1008 1371 1051 1461 δὴ

76 1474 164 1566 μετὰ
181 1478 278 1546 τοῦτο
295 1473 386 1565 πάση
404 1479 578 1566 προθυμίᾳ
596 1476 665 1543 τάν
687 1477 874 1566 Τυρρηνῶν
891 1472 1051 1562 ἀχωνιξο-
1138 1544 1141 1549 ,

76 1582 194 1668 μένων
219 1574 283 1668 πρό
308 1580 367 1666 τῆς
390 1579 605 1668 παρεμβολῆς
627 1573 719 1659 ὀξεῖα
749 1573 837 1664 μάχη
861 1577 919 1645 καὶ
946 1572 1050 1664 φόνος

77 1677 279 1771 ἀμφοτέρων
303 1675 424 1767 πολός,
457 1673 636 1770 ίσορροπός
659 1704 696 1748 τε
725 1677 781 1747 καὶ
806 1677 901 1768 μέχρι
924 1679 1051 1747 πολλου
1069 1695 1102 1749 15

76 1783 348 1872 ταλαντευομένη
365 1783 447 1870 τῇδε
465 1782 521 1850 καὶ
538 1782 620 1870 τῇδε
642 1774 672 1868 ἡ
686 1785 795 1868 κρίσις
813 1780 876 1848 τοῦ
891 1779 1048 1868 πολέμου.

77 1891 196 1956 ἔπειτα
209 1885 368 1955 ἐνέδοσαν
382 1886 417 1953 ολ
433 1883 601 1974 Τυρρηνοὶ
619 1877 685 1952 ὑπό
703 1884 761 1971 της
773 1880 955 1971 Ῥωμαικῆς
973 1881 1050 1963 ἐξω-

77 1988 220 2068 σθέντες
238 1992 343 2057 ἵππου
361 1987 417 2055 καλ
434 1980 658 2076 ἀπεχώρησαν
675 1990 724 2066 είς
740 1980 799 2054 τόν
815 1980 956 2075 χάρακα,
974 1976 993 2052 ὃ
1012 1978 1046 2051 δ’

76 2087 206 2169 ὕπατος
222 2085 424 2177 τ’μιολοόθει,
449 2088 504 2157 καὶ
529 2083 645 2176 ἐπειδὴ
663 2092 807 2175 πλησίον
825 2087 957 2174 ἐγένετο
981 2086 1051 2206 τάν

79 2188 275 2282 ἐρυμάτων
303 2218 348 2279 ην
379 2189 416 2259 δέ
446 2186 584 2279 φαόλως
608 2190 902 2275 κατεσκευασμένα
931 2183 1045 2255 καλ
1010 2213 1046 2255 το
1067 2205 1101 2255 κο

78 2300 204 2383 χωρίον
227 2290 338 2383 ὥσπερ
365 2297 452 2379 ἔφην
475 2284 516 2360 οό
539 2286 630 2359 πάνυ
661 2285 825 2377 ἀσφαλές
863 2289 1050 2378 προσέβαλε

3 2415 69 2465 1839
79 2424 164 2466 κατα
188 2393 293 2465 πολλὰ
315 2396 400 2484 μέρη
426 2390 464 2464 τό
487 2419 523 2462 τε
551 2386 670 2461 λοιπόν
693 2391 822 2477 ἐκείνης
844 2415 902 2477 της
924 2381 1050 2477 ημέρας

78 2498 178 2587 μέρος
197 2497 472 2585 ἐπιταλαιπωρεῖν
489 2494 546 2564 καὶ
568 2487 707 2562 οόδλ
672 2520 735 2581 την
761 2492 922 2561 ἐπιοῦσαν
944 2486 1049 2559 νύκτα

78 2594 369 2688 ἀναπαυσάμενος.
398 2602 433 2667 οί
419 2597 486 2666 ίδὲ
449 2595 672 2687 δῬυρρηνολ
690 2609 762 2676 ταῖς
775 2595 930 2681 συνεχέσι
947 2617 1050 2660 κακο-

80 2707 240 2825 πμθείαις
269 2696 484 2789 ἀπειρηκότες
510 2700 700 2768 ἐκλείπουσι
732 2692 792 2765 τόν
814 2691 945 2784 χάρακα
968 2694 1047 2783 περὶ
1064 2708 1104 2758 νε

79 2798 139 2873 τόν
155 2797 298 2927 ὄρθρον
319 2802 428 2871 καλοί
443 2800 505 2889 μέν
523 2806 570 2880 είς
588 2796 651 2887 τὴν
668 2794 767 2868 πόλιν
785 2803 942 2917 ἔφενχον,
960 2790 1043 2864 οιδ’

82 2910 131 2985 είς
154 2901 213 2984 τάς
236 2908 341 2993 πλησί
341 2932 380 2973 ον
403 2899 487 2982 ὕλας
512 2896 775 2987 ἐσκεδάσθησαν.
808 2894 987 2985 γενόμενος
1006 2894 1085 2963 δέ

81 3007 138 3075 καλ
155 3002 277 3075 τούτου
294 3030 354 3074 του
372 3000 516 3093 χάρακος
540 2998 718 3091 ἐγκρατής,
743 3002 876 3087 ἐκείνην
900 2991 1024 3087 μὲν
985 3023 1050 3084 την

80 3106 210 3198 ἡμέραν
227 3102 450 3177 ἀνέπαυσε
414 3133 484 3194 την
494 3100 665 3196 στρατιάν,
683 3130 724 3194 τη
712 3098 775 3171 δ’
798 3102 854 3189 ἕξη
856 3096 926 3182 ςτά
938 3125 975 3169 τε
992 3094 1049 3167 λά-

80 3235 174 3298 φυρα
197 3203 260 3278 ὅσα
284 3202 360 3293 έξ’
341 3206 541 3299 αμφοτέρων
565 3202 697 3293 εἰλήφει
720 3210 789 3274 τάν
813 3201 1049 3293 στρατοπέδων
1067 3215 1105 3265 30

83 3310 227 3399 διένειμε
250 3325 319 3393 τοῖς
342 3304 605 3399 ἀγωνισαμένοις
627 3302 777 3376 πολλά”
757 3333 856 3392 οντα,
887 3304 942 3374 καλ
972 3329 1050 3383 τους
1161 3300 1164 3307 ’

81 3408 343 3502 ἀριστεύσαντας
362 3413 398 3482 έν
416 3426 487 3493 ταις
504 3407 626 3502 μάχαις
649 3423 720 3489 τοῖς
739 3404 900 3479 εἰωθόσιν
917 3400 1051 3495 ἐκόσμει
