2384 3850
67 0 1384 146 nW—”Z—
1478 1 1691 57 W
1789 6 2244 89 “wem-
2052 80 2132 151 71
2237 29 2239 31 ·

202 261 314 349 λῆς
381 256 1050 351 προσεταιρισάμενος
1111 257 1232 330 τὸν
1293 259 1709 349 βουλόμενον
1773 276 2135 334 συννοσεῖν

201 365 310 432 καὶ
344 366 769 431 συναδικεῖν·
826 359 1043 431 πάντα
1091 360 1222 452 γάρ
1257 359 1338 432 τοὶ
1379 360 1600 431 εἰκότα
1646 359 1772 453 χρὴ
1819 366 1973 453 περὶ
2009 362 2135 433 πό-

201 472 359 544 λεως
380 465 913 552 βουλευομένους
940 480 1288 554 προνοεῖν·
1328 465 1605 552 κληθεὶς
1631 459 1766 534 ύπὸ
1802 469 1938 535 τῶν
1963 471 2134 554 δημ-

200 563 419 656 άρχων
481 571 575 646 εἰς
633 563 707 634 τὸ
766 567 1028 652 πλῆθος
1091 562 1127 634 ὃ
1172 567 1378 654 μέγας
1440 569 1690 646 ἐκεῖνος
1739 567 1849 635 καὶ
1897 564 2135 655 σεμνὸς

203 663 532 735 ἀποδώσει
588 668 686 759 τῷ
736 663 923 759 δήμω
976 693 1068 760 τςο
1117 665 1359 761 φαύλω
1419 669 1533 736 καὶ
1591 670 1882 760 ταπεινῷ
1933 664 2136 756 λόγον
2206 690 2238 740 5

203 795 297 839 ων
327 765 603 858 πράττει
635 794 707 837 τε
743 769 855 837 καὶ
893 773 1282 857 διανοεῖται,
1323 764 1513 838 acal*
1474 797 1560 838 αν
1593 739 1853 838 ἀδικωύ
1888 774 2137 857 φαίνη-

199 897 301 939 ται
337 859 597 957 δίκης
553 898 633 958 ης
656 897 742 939 αν
766 866 948 952 ἄξιος
983 898 1027 960 ῃ
1003 858 1371 952 τεύξεται.
1424 865 1630 939 αὐτὸν
1655 870 1730 939 δὲ
1758 866 1840 959 δὴ
1866 865 1986 939 τόν
2015 874 2138 957 δῆ-

204 998 357 1059 μον,
417 975 535 1041 ἵνα
585 967 675 1059 μὴ
721 973 947 1062 τρυφᾷ
993 967 1392 1060 τηλικαύτης
1441 973 1743 1054 ἐξουσίας
1778 967 2138 1060 γενόμενος

203 1069 461 1164 κύριος,
512 1069 674 1162 μηδ’
724 1067 856 1142 ὑπὸ
902 1073 1039 1142 τοῖν
1073 1080 1411 1143 κακίστων
1459 1070 2138 1162 ἐκδημαγωγούμενος

71 1184 185 1235 1443
201 1189 334 1254 τοῖς
367 1181 745 1263 κρατίστοις
791 1177 1075 1265 πολεμῇ·
1131 1177 1245 1245 καὶ
1288 1172 1417 1265 γάρ
1468 1177 1540 1245 ἐν
1575 1171 1749 1268 ὅχλω
1800 1183 1989 1263 φιλεῖ
2032 1181 2140 1262 γί-
2178 1196 2238 1245 10

199 1287 440 1347 νεσθαι
473 1281 825 1366 τυραννίς·
880 1274 1164 1364 φυλάξει
1200 1304 1273 1346 τε
1306 1279 1419 1346 καὶ
1453 1273 1661 1346 οὐδὲν
1704 1272 1888 1346 ἐάσει
1922 1302 2140 1401 παρα-

202 1393 431 1466 νομεῑν
495 1375 531 1447 ὁ
598 1381 942 1469 διαφέρων
1002 1375 1330 1500 φρονήσει
1391 1375 1565 1467 ἀνὴρ
1631 1375 1956 1467 δικτάτωρ
2011 1371 2133 1465 υφ’

200 1471 388 1568 ύμων
447 1484 789 1570 αἱρεθείς,
860 1506 933 1559 ος
994 1476 1437 1570 αὐτοκράτορι
1506 1480 1620 1548 καὶ
1681 1474 2140 1570 ἀνυπευθύνω

202 1608 279 1671 χρ
316 1579 537 1669 ’μενος
588 1582 855 1672 ἐξουσίᾳ
905 1577 982 1650 τό
1040 1608 1113 1649 τε
1158 1584 1409 1650 νοσοῦν
1456 1582 1670 1662 ἐξελεῖ
1722 1583 1838 1666 τῆς
1888 1575 2141 1659 πόλεως

202 1683 425 1772 μέρος,
478 1684 596 1752 καὶ
640 1679 714 1751 τὸ
760 1679 959 1771 μήπω
999 1683 1505 1772 διεφθαρμένον
1541 1678 1667 1750 οὐκ
1705 1677 1884 1749 ἐάσει
1921 1707 2142 1748 κακω-
2181 1701 2238 1750 15

202 1786 439 1873 θῆναι,
506 1789 635 1872 ἔθη
690 1810 765 1853 τε
810 1784 922 1853 καὶ
969 1780 1220 1873 νόμιμα
1276 1784 1389 1852 καὶ
1438 1778 1785 1871 ζηλώματα
1844 1787 2016 1868 βίων
2061 1779 2141 1849 τά

203 1883 519 1976 κράτιστα
584 1881 1179 1975 μεθαρμοσάμενος
1250 1879 1455 1977 ἀρχάς
1524 1910 1596 1956 τε
1647 1881 2005 1966 ἀποδείξας
2065 1877 2143 1963 ἃς

203 1980 287 2057 ἀν
319 1982 562 2077 ἡγῆται
608 1989 1084 2076 σωφονέστατα
1128 2015 1168 2056 τ
1191 1991 1268 2058 ’ν
1305 1990 1555 2058 κοινῶν
1602 1983 2140 2078 ἐπιτροπεύσειν·

204 2091 313 2159 καὶ
362 2092 575 2160 ταῦτα
648 2087 835 2169 ἐντὸς
895 2091 961 2172 ἓξ
1015 2093 1249 2180 μηνῶν
1309 2085 1818 2178 διοικησάμενος
1875 2083 2145 2175 ἰδιώτης

207 2180 406 2272 αὖθις
471 2197 655 2261 ἔσται
699 2186 773 2260 τό
820 2193 1143 2280 τιμᾶσθαι
1205 2189 1416 2280 μόνον
1464 2193 1536 2260 ἐκ
1581 2187 1842 2260 τούτων
1884 2185 2142 2276 λαβών,
2181 2210 2243 2258 20

209 2288 363 2363 ἄλλο
428 2290 492 2363 δ’
554 2287 784 2363 οὐθέν.
873 2288 1064 2361 ταῦτ’
1123 2281 1252 2362 οὖν
1316 2294 1852 2379 ἐνθυμηθέντες,
1907 2292 2021 2361 καὶ
2070 2286 2144 2358 τό

208 2394 422 2483 σχῆμα
489 2396 606 2483 τῆς
666 2400 1004 2474 πολιτείας
1062 2390 1260 2463 τοῦθ’
1321 2387 1731 2481 ἡγησάμενοι
1792 2388 2148 2480 κράτιστον

211 2492 413 2585 εἶναι,
468 2492 763 2585 μηθενὸς
809 2491 1226 2565 ἀπελαύνετε
1274 2490 1394 2564 τὸν
1433 2495 1678 2582 δῆμον,
1728 2487 1880 2561 ἀλλ’
1921 2488 2146 2580 ὥσπερ

211 2590 411 2686 ἀρχὰς
447 2593 889 2668 ἀποδεικύναι
938 2593 1055 2677 τὰς
1101 2592 1268 2665 καθ’
1311 2598 1593 2665 ἕκαστον
1641 2591 1949 2665 ἐνιαυτὸν
1987 2590 2147 2682 ἡγη-

210 2701 490 2787 σομένας
522 2701 639 2788 τῆς
672 2694 962 2786 πόλεως,
999 2699 1112 2767 καὶ
1147 2694 1398 2787 νόμους
1430 2693 1589 2777 τούς
1623 2697 1748 2786 μὲν
1785 2697 2149 2785 ἐπικυροῦν
2185 2716 2247 2763 25

81 2802 196 2854 1444
211 2797 361 2881 τούς
398 2798 460 2871 δ’
504 2797 833 2891 ἀναιρεῖν,
870 2801 983 2870 καὶ
1019 2801 1175 2892 περὶ
1211 2802 1505 2890 πολέμου
1540 2799 1654 2868 καὶ
1691 2796 1960 2888 εἰρήνης
1999 2803 2149 2866 δια-

212 2901 641 2991 γιγνώσκειν,
694 2897 739 2969 ἃ
783 2903 1061 2991 μέγιστα
1111 2902 1224 2971 καὶ
1274 2898 1652 2993 κυριώτατά
1699 2903 1840 2969 ἐστι
1888 2902 2027 2968 τῶν
2075 2901 2149 2967 ἐν

213 3005 293 3093 τῇ
337 3002 528 3074 πόλει
578 3004 1200 3095 διαπραττομένων,
1252 2997 1759 3092 μεταδεδώκατε
1806 2994 1989 3093 αύτῷ
2035 3000 2148 3068 καὶ

215 3100 497 3186 οὐθενὸς
539 3104 798 3175 τούτων
846 3100 1304 3195 αὐτοκράτορα
1359 3099 1784 3190 πεποιήκατε*
1819 3097 1942 3190 τὴν
1989 3107 2149 3188 βου·
2187 3119 2194 3129 ·

217 3203 365 3292 λήν·
432 3204 644 3288 οὕτως
702 3208 817 3276 καὶ
869 3210 1009 3278 τῶν
1056 3210 1508 3296 δικαστηρίων
1555 3209 1982 3295 μεταδίδοτε,
2036 3203 2149 3272 καὶ
2186 3222 2247 3270 30

218 3304 495 3393 μάλιστα
538 3303 710 3401 ὑπὲρ
758 3298 858 3380 ὧν
902 3304 989 3380 ἄν
1032 3336 1133 3391 τις
1180 3313 1407 3378 αἰτίαν
1451 3314 1568 3399 ἔχῃ
1614 3304 1737 3395 τὴν
1773 3303 1970 3376 πόλιν
2004 3300 2148 3372 ἀδι-

220 3424 359 3480 κεῖν
394 3406 631 3482 στάσιν
679 3409 969 3499 εἰσάγων
1002 3405 1047 3499 ἢ
1093 3416 1468 3501 τυραννίδα
1502 3402 2148 3494 κατασκευαζόμενος
