2384 3850
150 107 210 171 156
397 105 730 167 .-'-H·-

148 277 321 361 καταστάς.
349 277 394 360 ὡς
413 279 450 348 δέ
467 275 504 349 τό
518 276 758 370 προβούλευμα
773 275 914 369 ἐγράφη,
932 275 1121 365 προελθόν-

149 412 202 463 τες
220 387 256 452 οί
275 378 397 452 ὕπατοι
421 388 468 462 είς
491 378 553 469 την
570 377 699 471 άγοράν
721 381 778 450 καὶ
801 379 1047 469 συναγαγόντες
1067 384 1121 451 ἐκ·

148 490 291 572 κλησίαν
308 481 447 563 σκότους
463 479 559 563 ὄντος
576 480 643 571 ἤδη
661 479 701 552 τά
724 480 867 565 δόξαντα
888 486 934 576 τῷ
948 487 1122 576 συνεδρίῳ

151 582 377 675 διεσάφησαν,
415 586 473 654 καὶ
507 600 671 675 προεῖπον
702 581 798 673 ἥκειν
830 581 978 665 άπαντας
1010 588 1122 677 ἕωθεν

115 689 205 758 οέπί
228 684 287 769 τάς
316 685 424 767 πύλας
449 690 707 776 προπέμψοντας
738 682 889 769 ἐξιούσας
916 683 974 766 τάς
998 702 1122 775 γυναί-

149 808 225 870 κας·
266 784 361 859 αύτοί
399 788 437 858 δὲ
462 792 531 859 τοῖν
561 786 828 878 κατεπειγόντων
861 796 977 877 ἐλεγον
1005 791 1123 878 ἐπιμε-

152 900 325 981 λησεσθαι.
1168 968 1178 981 1

200 991 396 1060 XXXXHll.
415 988 492 1069 Ὅτε
516 993 553 1062 δέ
576 990 643 1081 ἤδη
664 994 741 1082 περὶ
758 986 823 1077 τόν
846 988 975 1082 όρθρον
999 981 1060 1083 ἦν,
1087 998 1126 1063 αί

148 1094 212 1183 μὲν
241 1111 398 1183 γυναῖκες
428 1090 570 1181 ἄγουσαι
600 1092 641 1164 τά
672 1101 792 1165 παιδία
821 1093 903 1184 μετά
934 1091 1124 1184 λαμπάδων

101 1220 132 1268 10
149 1187 240 1283 ἧκον
251 1194 361 1265 ἐπί
324 1225 386 1285 την
403 1222 421 1264 ο
423 1202 525 1283 ίκίαν,
543 1197 601 1266 καί
619 1199 875 1287 παραλαβοῦσαι
893 1193 955 1284 τὴν
971 1193 1126 1267 Οὐετου-

150 1305 231 1421 ρίαν
233 1324 415 1421 προηγον
415 1296 525 1367 &fa
486 1328 546 1381 τας
563 1294 685 1379 πύλας
714 1303 749 1368 οί
772 1296 850 1388 &N
827 1324 949 1369 υπατοι
967 1296 1068 1387 ζεύγη
1086 1326 1124 1369 τε

149 1394 247 1487 όρικα
233 1398 320 1469 καί
346 1394 472 1490 ἁμάξας
495 1401 552 1469 καὶ
569 1389 673 1469 τᾶλλα
690 1417 811 1490 φορεῖα
836 1394 880 1481 ὥς
897 1409 1039 1471 πλείστα
1057 1426 1126 1470 πα-

119 1501 438 1624 ρασκευασάμενοι
484 1505 708 1591 καθεζομένας
754 1497 857 1584 αύτάς
897 1497 1126 1592 προύπεμπον

150 1600 226 1694 άχρι
245 1609 380 1675 πολλοῦ.
414 1601 697 1695 παρηκολονθυυν
715 1600 747 1673 δ
768 1602 885 1685 αὐταῖς
902 1610 988 1677 οίτε
1007 1607 1044 1674 ἐκ
1061 1610 1126 1676 τοῦ

101 1728 133 1777 15
151 1712 333 1797 συνεδρίου
350 1708 463 1777 καί
415 1734 483 1775 των
494 1702 607 1775 άλλων
623 1709 770 1776 πολιτῶν
787 1707 906 1795 συχνοὶ
923 1704 989 1777 σύν
1006 1703 1125 1797 εὐχαῖς
1136 1729 1165 1777 16

150 1808 207 1876 καί
225 1810 374 1889 ἐπαίνοις
397 1809 454 1878 καὶ
472 1804 607 1895 δεήσεσι
628 1805 691 1933 τὴγ
715 1810 830 1889 ἔξοδον
853 1796 1125 1898 ἐπιφανεστέραν

151 1906 267 1989 αύταις
291 1915 473 1990 ποιοῦντες.
519 1902 616 1990 0396’
644 1906 844 1980 εὐσύνοπτοι
868 1907 1049 2002 πόρρωθεν
1075 1918 1127 1982 ἐτι

150 2014 348 2138 προσιοῦσαι
365 2027 435 2092 τοις
453 2015 490 2080 ἐκ
503 2014 563 2080 τού
576 2010 720 2100 χάρακος
734 2016 771 2081 αί
782 2029 941 2101 γυναῖκες
956 2014 1126 2102 ἐγίνοντο,

150 2114 273 2199 πέμπει
296 2115 365 2183 τοῖν
397 2114 527 2182 ίππέων
548 2109 642 2193 τινάς
666 2111 857 2205 όΜάρκιος
881 2114 1042 2197 κελεύσας
1061 2145 1127 2205 μα-

100 2238 135 2286 20
152 2225 243 2302 θεῖν,
261 2220 311 2294 τίς
329 2219 419 2285 ἐστιν
436 2209 454 2284 ό
474 2211 623 2305 προσιοδν
646 2211 742 2305 όχλος
763 2219 799 2286 ἐκ
816 2219 875 2305 τῆς
894 2214 1040 2304 πόλεως,
1067 2219 1128 2287 καί

152 2317 207 2385 ἐπὶ
222 2343 257 2385 τι
250 2320 523 2407 ’παραγένοιντο
548 2314 671 2406 μαθων
690 2317 728 2387 δέ
745 2312 826 2408 παρ’
843 2314 965 2409 αὐτῶν,
984 2315 1036 2390 ότι
1048 2316 1130 2389 Ρω-

150 2426 260 2506 μαίων
278 2425 316 2488 αί
325 2436 484 2507 γυναῖκες
498 2414 640 2506 ἥκουσιν
655 2416 857 2550 ἐπαγόμεναι
870 2426 1000 2509 παιδία,
1020 2447 1131 2512 προη-

150 2510 256 2607 γείταῖ
256 2517 309 2588 δ’
325 2519 439 2592 αὐτῶν
455 2517 477 2609 ἦ
493 2548 530 2589 τε
546 2519 655 2611 μήτηρ
674 2522 730 2591 καὶ
747 2549 768 2609 η
786 2549 873 2612 γυνη
892 2520 997 2592 αὐτου
986 2521 1129 2592 καὶ
1086 2552 1129 2593 τα

149 2623 262 2708 τέκνα,
273 2646 407 2709 πρωτον
415 2623 478 2712 μὲν
488 2619 712 2744 ἐθαύμασε
671 2650 730 2709 της
743 2619 913 2712 τόλμης
878 2651 937 2705 τας
946 2642 1131 2748 γυγαῑκας,

100 2745 135 2794 25
154 2727 185 2790 εί
201 2719 339 2809 γνάμην
358 2730 456 2813 ἔσχον
481 2729 530 2802 είς
552 2721 681 2813 χάρακα
699 2722 909 2813 πολεμίων”
888 2753 966 2818 ,ατερ
986 2722 1132 2818 άνδρων

151 2826 305 2912 φυλακῆς
322 2827 448 2894 Ιἐλθεῖν
470 2820 614 2912 άγουσαι
637 2823 677 2895 τά
694 2829 806 2914 τέκνα,
831 2823 909 2896 ούτε
934 2831 1053 2914 αίδούς
1079 2835 1132 2900 ἔτι

150 2926 208 3012 τῆς
232 2919 459 3016 ἁρμοττούσης
488 2929 645 3013 γυναιξὶν
669 2930 864 3018 ἐλευθέραις
892 2931 949 2999 καί
972 2927 1132 3020 σάφροσι

150 3025 395 3147 προνοούμεναι
408 3024 445 3098 τό
457 3026 503 3117 μὴ
518 3025 729 3118 ἐνάνδράσιν
742 3025 953 3118 άσυνήθεσιν
965 3026 1131 3120 ὁρᾶσθαι,

149 3123 228 3197 ούτε
246 3127 419 3200 κινδύνων
436 3133 657 3218 λαβούσαιέ
618 3134 657 3201 δέ
656 3160 703 3219 ος,
718 3127 777 3212 οδς
791 3127 1013 3222 άναρριπτεῑν
1032 3140 1132 3223 ἐμελ-

100 3251 134 3299 30
152 3235 290 3314 λον,εί
258 3228 351 3298 ετά
369 3236 585 3321 συμφέροντα
609 3229 672 3321 πρό
696 3261 764 3300 των
789 3237 930 3304 δικαίων
954 3237 1132 3324 ελομένοις

152 3322 249 3415 σφίσι
267 3326 373 3412 δόξειε
391 3335 509 3417 κε’ρδος
526 3326 629 3412 αὐτάς
647 3331 853 3420 ποιησασθαι
871 3336 928 3404 καὶ
945 3330 1130 3424 ωφέλειαν.
1142 3354 1154 3400 1

152 3430 224 3497 ἐπεὶ
243 3426 317 3498 δὲ’
298 3435 402 3520 αγχού
419 3423 522 3521 ἦσαν,
540 3429 694 3501 ὑπαντᾶν
711 3461 751 3522 τη
740 3435 870 3524 μητρὶ
888 3434 1073 3524 προελθων
1094 3442 1133 3508 ἐκ
