2384 3850
151 241 440 335 ἐγκαταλιπόντες,
466 247 521 316 ἐπὶ
546 240 605 316 τόν
628 242 757 336 χάρακα
775 249 929 334 ἔφευγον.
949 245 1007 316 καὶ
1027 251 1062 315 εί
1077 243 1125 335 μὴ

149 344 385 437 θαυμάσαντες
408 344 445 418 τό
462 343 655 438 παράλογον
671 354 731 435 τῆς
749 350 861 436 φυγῆς
878 343 993 419 αὐτῶν
1009 350 1049 416 οί
1064 375 1126 418 πο·
1179 350 1180 359 ’

150 449 255 538 λίμιοι
273 450 329 520 καί
345 454 514 530 δείσαντες
531 445 577 538 μὴ
592 448 713 537 ἐυέδρα
729 475 779 529 τις
795 438 835 539 ᾖ,
852 450 911 536 τῆς
929 449 984 518 ἐπὶ
1001 456 1126 520 πλεῖον

129 605 131 610 ,
150 548 294 634 διῶξεως
316 546 563 643 ἀπετράποντο,
587 544 625 619 τό
642 559 759 622 πλεῖον
776 544 821 620 ἀν
836 552 936 638 μέρος
956 553 1028 620 τῶν
1047 548 1125 621 Ῥω·
1180 592 1181 597 1

113 675 131 724 5
149 660 259 744 μαίων
278 654 471 744 διέφθαρτο,
501 655 639 723 ἐποίουν
653 651 691 721 δδ
701 654 807 722 ταῦτα
825 648 947 745 φθόνῳ
964 655 1027 721 τοῦ
1046 649 1125 740 ἡγε·
1181 691 1182 749 ι

149 752 261 843 μόνος,
279 759 335 825 ἵνα
351 753 397 844 μὴ
415 749 519 824 καλόν
536 749 712 843 ἀγῶνισμα
722 751 741 823 ό
752 750 840 842 ἀνὴρ
853 750 1126 845 διαπραξάμενος

148 853 307 949 θριάμβῳ
328 883 364 926 τε
387 858 443 927 καὶ
466 868 539 936 ταῖς
565 852 682 936 ἀλλαις
712 859 973 946 ἐπιλαμπρυνθῇ
997 869 1134 944 τιμαῖς,

149 962 189 1046 τῇ
209 957 247 1027 δδ
264 954 405 1030 κατόπιν
421 952 528 1050 ἡμέρρι
544 955 585 1027 τὰ
602 956 665 1046 μὲν
683 959 898 1046 ἐπιτιμῶντος
921 953 1037 1038 αὐτοῖς
1062 959 1125 1027 τοῦ

149 1055 280 1127 ὑπάτου
314 1061 372 1146 τῆς
406 1055 529 1140 ἀδόξου
557 1061 685 1147 φυγῆς,
719 1054 761 1128 τά
784 1058 823 1128 δὲ
844 1061 1125 1150 παρακαλοῦντος

100 1184 132 1234 ιο
150 1169 320 1248 αίσχιστον
351 1166 450 1252 ἔργον
481 1155 719 1231 ἀναλύσασθαι
747 1163 839 1254 καλῷ
865 1155 990 1248 ἀγῶνι,
1017 1155 1061 1228 τά
1085 1160 1124 1229 δέ
1183 1178 1184 1207 ³

150 1258 382 1350 ἀπειλοῦντος,
401 1268 433 1332 εί
448 1259 495 1350 μὴ
512 1258 691 1350 στήσονται
707 1257 798 1353 παρά
814 1258 855 1332 τά
873 1258 980 1350 δεινά,
998 1258 1123 1351 χρήσε-

150 1372 234 1432 σθαι
250 1376 319 1445 τοῖς
336 1359 461 1453 νόμοις,
480 1359 640 1456 ἀπειθείᾳ
656 1391 693 1435 τε
706 1367 887 1454 διεχρῶντο
901 1365 959 1432 καί
969 1365 1122 1451 καταβοῇ
1184 1422 1185 1443 ,

150 1465 207 1534 καί
219 1461 361 1552 ἀπάγειν
378 1468 467 1554 σφοῖς
486 1465 641 1537 ἐκέλευον
659 1468 697 1536 ἐκ
709 1469 767 1554 τῆς
784 1471 955 1554 πολεμίας,
974 1464 1019 1545 ῶς
1037 1460 1123 1535 ἀδό-

150 1592 246 1636 νατοι
270 1572 318 1636 ἐτι
340 1563 436 1648 όυτες
458 1560 524 1636 ἀπό
547 1565 749 1656 τραυμάτων
775 1562 944 1657 ἀντέχειν·
980 1562 1122 1654 aanor}
1133 1577 1186 1628 188⁰

102 1691 134 1742 ιο
152 1688 252 1738 σαντο
275 1665 340 1759 γάρ
363 1665 477 1739 αὐτῶν
497 1671 532 1740 οί
551 1669 669 1740 πολλοὶ
691 1667 770 1750 τοὺς
791 1665 900 1757 ὑγιεῖς
923 1671 1053 1759 χρῶτας
1077 1665 1122 1750 ῶς

151 1775 366 1860 τραυματίαι·
386 1767 471 1840 ῶστε
488 1764 506 1839 ό
524 1765 665 1852 ’Ἁππιος
681 1766 882 1860 ἠναγκάσθη
898 1764 1043 1857 ἀπάγειν
1061 1766 1123 1840 τόν

152 1866 293 1963 στρατόν
311 1873 347 1941 ἐκ
360 1876 418 1961 τῆς
435 1877 612 1961 πολεμίας,
631 1873 688 1943 καὶ
704 1877 741 1944 οί
757 1868 965 1943 Οὐολοῦσκοι
981 1866 1123 1943 ἀποιοῶ·

152 1993 209 2042 σιν
233 1971 388 2061 ἑπόμενοι
411 1968 555 2053 πολλοός
580 1970 694 2045 αὐτῶν
717 1970 927 2045 ἀπέκτειναν.
959 1970 1005 2057 ῶς
1030 1971 1062 2042 δ’
1086 1976 1124 2045 ἐν

151 2076 192 2162 τῇ
210 2077 306 2164 φιλίᾳ
324 2068 489 2161 ἐγένοντο,
508 2071 711 2165 συναγαγῶν
729 2082 777 2157 εἰς
798 2078 978 2165 ἐκκλησίαν
995 2072 1124 2155 αότοός

100 2196 135 2247 20
152 2171 170 2244 ὁ
187 2168 331 2263 ὕπατος,
355 2176 412 2245 καὶ
435 2173 540 2247 πολλά
563 2169 750 2267 ὀνειδίσας,
777 2184 852 2269 ἔφη
872 2174 1060 2269 χρήσεσθαι
1082 2178 1124 2267 τῇ

152 2275 388 2370 πατρίφ·κατά
410 2280 479 2348 τῶν
503 2283 730 2351 λειποτακτῶν
751 2274 895 2350 κολάσει.
932 2279 988 2348 καὶ
1014 2275 1124 2349 πολλά
1185 2361 1188 2370 ὁ

154 2378 323 2468 δεομένων
351 2381 419 2449 τῶν
442 2383 660 2471 πρεσβευτῶν
685 2382 833 2451 καὶτῶν
855 2376 968 2449 ἀλλων
990 2381 1060 2448 τῶν
1085 2380 1124 2449 ἐν

152 2479 238 2549 τέλει
267 2477 458 2571 μετριάσαι,
494 2483 551 2551 καὶ
581 2478 627 2570 μὴ
658 2479 839 2573 συμφοράν
873 2482 928 2551 ἐπὶ
963 2483 1124 2570 συμφορᾷ

152 2591 353 2670 προσθεῖναι
370 2584 412 2673 τῇ
428 2578 534 2671 πόλει,
559 2580 660 2671 λόγου
681 2580 822 2664 οὐδενός
845 2578 958 2653 αὐτῶν
982 2579 1123 2671 ποιησά-

101 2699 135 2751 25
152 2708 252 2768 μενος
271 2680 418 2771 ἐκύρωσε
434 2684 497 2771 τὴν
514 2680 663 2757 κόλασιν.
687 2687 744 2756 καὶ
759 2683 842 2776 μετὰ
858 2688 957 2756 τοῦτο
974 2687 1009 2754 οἱ
1024 2692 1123 2773 λοχα·

152 2786 209 2870 γοί
223 2807 260 2851 τε
278 2770 326 2851 ῶν
343 2786 379 2851 οί
392 2780 483 2872 λόχοι
500 2790 640 2874 ἔφυγον,
658 2789 768 2857 καλοί
783 2783 949 2878 πρόμαχοι
971 2787 1041 2855 τῶν
1063 2804 1122 2875 ση-

153 2888 271 2974 μείων,
288 2880 361 2955 ὅσοι
377 2882 418 2955 τδι
436 2900 557 2975 σημεῖα
574 2884 842 2976 ἀπολωλέκεσαν,
859 2891 895 2958 οί
909 2887 973 2977 μὲν
989 2887 1121 2957 πελέκει

153 2982 231 3067 τούς
260 2982 403 3075 αὐχένας
432 2982 660 3078 ἀπεκόπησαν,
689 2994 725 3061 οί
747 2989 785 3060 δὲ
807 2986 918 3072 ξόλοις
946 2985 1122 3077 παιόμενοι

155 3085 406 3179 διεφθάρησαν·
427 3092 464 3159 ἐκ
476 3089 514 3161 δὲ
525 3093 589 3161 τοῦ
605 3087 709 3162 ἀλλον
726 3088 880 3180 πλήθους
897 3084 963 3160 ἀπό
981 3084 1122 3169 δεκάδος

102 3205 138 3255 30
156 3184 296 3277 ἑκάστης
327 3185 375 3270 εἷς
400 3186 487 3281 ἀνὴρ
509 3184 528 3261 ό
552 3188 665 3282 λαχῶν
688 3191 801 3287 κλήρφ
831 3190 895 3284 πρὸ
918 3193 987 3261 τῶν
1006 3186 1121 3263 ἄλλων
1130 3197 1184 3253 1881

154 3282 377 3378 ἀπέθνησκεν.
408 3287 493 3379 αὕτη
510 3293 682 3381 Ῥωμαίοις
706 3291 843 3385 πάτριός
868 3296 935 3363 ἐστι
953 3288 1038 3361 κατδι
1054 3294 1122 3359 τῶν

155 3386 321 3459 λιπόντων
337 3387 395 3470 τάς
418 3388 524 3473 τάξεις
541 3388 563 3482 ἢ
580 3396 777 3484 προεμένων
793 3393 852 3477 τάς
868 3398 1008 3484 σημείας
1024 3388 1047 3481 ἡ
1064 3388 1124 3461 κό-

528 3558 545 3605 5
