2384 3850
353 48 359 75 ι’

352 85 357 101 ί

476 130 679 189 ..Η-

86 307 320 392 καταδρομαίς
342 303 401 390 τῆς
425 298 611 391 ὁμορούσης
634 300 748 383 αὐτοῖς
771 307 844 391 γης·
873 308 934 385 ἕως
959 302 990 373 δ’
1018 298 1061 375 ἀν

85 401 150 487 τάς
168 400 248 495 παρ’
269 404 408 473 ἐκείνων
421 400 571 491 λάβωσιν
582 402 788 494 ἀποκρίσεις,
807 404 965 495 στρατιάν
977 402 1061 495 ὅσην

88 505 258 576 δύνανται
271 510 445 592 ’πλείστην
466 503 695 595 καταγράφειν
724 504 802 588 τούς
832 504 979 587 ὑπάτους
1004 510 1061 577 καλ

87 606 170 690 τοὺς
195 603 395 696 συμμάχους1
413 609 602 696 πρεσβειῶν
630 603 829 689 ἀποστολαῖς
854 618 1061 698 παρακαλεῖν

88 707 190 779 σῖτόν
206 735 243 778 τε
260 710 316 777 καλ
333 704 421 777 ὅπλα
439 709 496 777 καὶ
513 706 663 797 χρήματα
687 711 743 779 καὶ
763 698 866 778 τάλλα
884 704 973 779 ὅσων
992 715 1059 779 έδει
1095 731 1112 781 5

87 815 139 904 τῷ
152 813 286 903 πολέμῳ
303 805 359 877 διά
376 817 590 899 πολυχειρίας
608 807 931 897 παρασκευάσασθαι
949 812 1004 881 καὶ
1025 813 1061 880 έν

87 910 194 1001 τάχει.
240 909 285 992 ὡς
308 910 346 979 δὲ
368 905 574 999 ἀπήγγειλαν
597 909 711 992 αὐτοῖς
737 909 1005 1002 ἀναστρέψαντες
1028 917 1064 983 οί

88 1016 250 1104 πρέσβεις
272 1006 311 1092 ἀς
333 1008 424 1099 παρά
447 1015 516 1082 τῶν
528 1006 691 1102 Ἑρνίκων
714 1019 836 1101 ἔλαβον
858 1011 1061 1102 ἀποκρίσεις,

88 1113 144 1185 ὅτι
161 1111 338 1203 συνθήκας
361 1113 423 1201 μέν
446 1110 489 1183 οὕ
511 1134 617 1203 φασιν
640 1110 752 1196 αὐτοῖς
777 1114 864 1187 εἶναι
888 1113 970 1205 πρὸς
984 1109 1061 1199 Ῥω*
1087 1171 1089 1175 .

89 1222 214 1307 μαίους
231 1218 327 1306 κοινῇ
349 1217 533 1303 γενομένας
555 1211 735 1304 οὐδέποτε,
761 1214 818 1297 τάς
843 1217 881 1286 δέ
898 1215 980 1306 πρὸς
998 1224 1061 1304 βα·
1080 1238 1112 1287 10

90 1320 190 1389 σιλέα
212 1313 401 1407 Ταρκύνιον
417 1311 595 1405 ὁμολογίας
619 1320 789 1387 αἰτιῶνται
812 1316 976 1387 λελύσθαι
998 1315 1061 1405 τήν

89 1448 131 1490 τε
153 1417 261 1509 ἀρχὴν
282 1414 527 1508 ἀφαιρεθέντος
552 1421 685 1489 ἐκείνου
708 1421 765 1489 καὶ
788 1417 988 1507 τεθνηκότος
1007 1422 1061 1488 έπλ

90 1524 152 1610 τῆς
170 1523 281 1609 ξένης·
309 1526 340 1589 εί
363 1522 403 1589 δέ
416 1546 506 1601 τινες
523 1515 671 1608 ἆρπαγαλ
695 1523 750 1589 καὶ
773 1521 979 1610 καταδρομαὶ
1002 1526 1061 1606 της

92 1621 204 1712 χώρας
222 1623 376 1710 ἐγένοντο
395 1618 451 1690 διά
468 1628 658 1711 ληστηρίων
678 1618 741 1691 οὐκ
754 1618 823 1690 ἀπὸ
841 1624 954 1708 κοινῆς
971 1617 1061 1707 γνά-

92 1753 158 1814 μης
188 1727 362 1813 γεγονέναι
392 1726 565 1810 λέγουσιν,
596 1718 673 1791 ἀλλ’
705 1724 849 1792 ίδιωτῶν
871 1718 1061 1811 ἀδικήματα
1080 1743 1112 1792 15

20 1847 82 1897 1658
92 1824 277 1917 μετιόντων
293 1824 334 1894 τά
351 1829 440 1912 ἴδια,
465 1827 521 1893 καὶ
545 1822 626 1894 οὐδέ
649 1822 726 1904 τούς
749 1830 854 1894 ταῦτα
873 1820 1061 1912 δράσαντας

92 1931 253 2019 παρέχειν
275 1922 343 1998 οἷοί
365 1922 393 1995 τ’
421 1928 509 1996 είσὶν
534 1929 587 1996 έπλ
613 1917 730 2015 δίκην,
763 1930 860 2016 ἕτερα
888 1929 943 1995 καὶ
967 1920 1061 1995 αὐτοὶ

93 2033 231 2102 τοιαῦτα
264 2031 473 2100 πεπονθέναι
503 2031 655 2116 λέγοντες
691 2031 746 2098 καὶ
771 2024 1061 2117 ἀντεγκαλοῦντες,

92 2131 237 2222 ἀσμενοί
268 2136 306 2202 ιε’
335 2137 399 2200 είσι
430 2132 589 2219 δέχεσθαι
618 2129 677 2200 τὸν
707 2127 868 2219 πόλεμον·
902 2131 1015 2200 ταῦτα
1040 2122 1062 2216 ἡ

5 2254 6 2281 ³
94 2231 204 2324 βουλὴ
225 2235 383 2322 μαθοῦσα
406 2233 593 2321 ἐψηφίσατο
615 2238 798 2320 νείμασθαι
819 2228 882 2318 τὴν
900 2259 1062 2321 καταγρα·
1080 2251 1114 2300 20

94 2352 219 2426 φελσαν
237 2338 275 2404 έκ
290 2338 359 2404 τῶν
374 2337 549 2424 νεωτέρων
566 2330 725 2419 στρατιάν
741 2334 850 2421 τριχῇ·
877 2329 1007 2400 τούτων
1025 2331 1063 2400 δὲ

93 2435 157 2527 τὴν
179 2437 242 2526 μὲν
267 2443 349 2524 μίαν
375 2431 499 2522 ἀγοντα
521 2430 628 2505 Γάϊον
653 2429 827 2504 Ἀκύλλιον
851 2429 910 2500 τὸν
932 2426 1063 2502 ὕπατον

94 2534 197 2630 ὁμόσε
213 2542 255 2628 τῇ
268 2532 431 2628 Ἑρνίκων
454 2537 592 2628 στρατιᾷ
614 2550 752 2624 χωρεῖν·
779 2534 833 2602 καλ
858 2529 922 2623 γάρ
943 2535 1063 2602 ἐκείνοι

95 2639 163 2730 ἤδη
180 2630 268 2729 ἦσαν
285 2643 323 2709 ἐν
339 2655 408 2721 τοῖς
424 2634 554 2719 ὅπλοις·
581 2633 644 2725 την
670 2636 707 2706 δέ
725 2638 841 2725 ἑτέραν
864 2642 965 2705 Τίτον
982 2639 1063 2704 Σίκ-

94 2771 171 2813 κιον
189 2742 243 2812 ἐπὶ
259 2737 495 2835 Οὐολούσκους
511 2735 619 2826 ἀγειν,
637 2734 696 2808 τὸν
709 2740 823 2827 ἕτερον
835 2739 904 2807 τάν
916 2733 1061 2806 ὑπάτων.
1081 2756 1114 2805 25

94 2843 159 2933 τὴν
178 2844 215 2914 δέ
232 2839 355 2930 λοιπὴν
378 2849 496 2928 τρίτην
516 2844 639 2929 μερίδα
659 2837 896 2930 παραλαβόντα
914 2835 1064 2927 Σπόριον

96 2933 353 3034 Λάρκιον,ὅςῆν
364 2938 645 3031 ἀποδεδειγμένος
658 2935 801 3011 ὖπδτάν
809 2935 947 3009 ὑπάτων
961 2945 1064 3027 ἔπαρ-

97 3075 154 3137 χος
170 3045 235 3135 την
252 3052 387 3134 ἔγγιστα
404 3047 462 3132 τῆς
481 3041 609 3124 πόλεως
627 3039 741 3130 χάραν
758 3039 953 3130 φυλάττειν·
985 3038 1065 3120 τους

5 3196 7 3223 ι
99 3148 137 3217 δὲ
152 3145 240 3238 ὑπὲρ
258 3146 318 3217 τὸν
339 3143 577 3234 στρατιωτικὸν
600 3140 802 3232 κατάλογον,
828 3139 899 3211 ὅσοι
920 3139 1066 3231 δύναμιν

97 3249 191 3340 εἶχον
213 3257 261 3320 ἔτι
279 3246 456 3337 βαστάζειν
477 3243 582 3335 ὅπλα,
609 3246 792 3332 ταχθέντας
818 3238 884 3314 ἀπὸ
909 3249 1064 3332 σημαίαις
1083 3263 1116 3312 30

97 3349 157 3432 τάς
174 3378 211 3420 τε
227 3348 331 3442 ἀκρυς
349 3363 513 3440 φρουρεῖν
529 3351 588 3435 τῆς
606 3344 738 3427 πόλεως
753 3347 809 3414 καλ
826 3342 867 3413 τά
884 3351 995 3432 τείχη,
1018 3341 1064 3432 μή

98 3482 148 3534 τις
183 3458 355 3543 αἰφνίδιος
383 3457 553 3546 πολεμίων
587 3449 724 3535 γένηται
763 3451 882 3534 έφοδος
916 3448 1064 3536 ἐξεστρα·
