2384 3850
436 104 637 166 ..Qq-

16 287 19 442 ρ
50 273 306 367 ὀλοφυρόμενοί
316 303 364 374 ,τε
394 279 450 346 καὶ
479 273 734 366 ἀντιβολοῦντες
759 282 816 349 καί
845 271 935 351 τᾶλλ’
966 278 1029 352 ῦσα

52 376 216 467 ἐπαγωγὰ
240 367 285 467 ἦν
310 384 357 460 εἰς
381 384 475 449 ἐλεον
498 377 581 469 μετὰ
607 384 743 451 πολλῶν
767 380 925 472 δακρύων
943 387 1029 466 διεξ-

52 479 182 567 ιόντες,
216 487 374 552 πείθουσι
397 481 456 552 τὸν
477 477 608 552 ὕπατον
632 485 805 572 ἐπιτρέψαι
828 491 925 572 σφίσι
949 509 1027 576 πρε-

52 579 204 670 σβευτὰς
229 588 276 663 είς
296 576 424 672 Ῥοόμηυ
449 582 527 666 τοῦς
550 577 636 672 ῦπέρ
659 587 717 674 τής
735 582 946 668 καταλύσεως
969 594 1029 656 τοῦ

15 749 16 754 ,
52 685 207 773 πολέμου
224 682 307 775 πρὸς
324 684 387 773 τήν
403 682 533 773 βουλήν
551 689 804 776 διαλεξομένους
817 681 1026 758 ἀποστεῖλαι·
1046 705 1062 754 τι

53 789 113 866 ἕως
135 783 170 855 δ’
193 779 238 879 ῦν
256 789 290 856 οἰ
305 788 462 876 πρέσβεις
487 783 674 876 ἀφίκωνται
691 791 851 879 φέροντες
868 785 926 870 τὰς
943 785 1029 858 ἀπο-

53 896 196 977 κρίσεις,
215 887 322 976 μηδὲν
339 883 452 958 αῦτιῦν
470 905 672 980 κακουργεῖν
689 886 751 978 τήν
768 889 888 980 χώραν.
914 895 972 960 ἵνα
992 890 1029 959 δὲ

54 985 171 1070 αῦτοϊς
192 991 365 1079 ἐγγένηται
382 993 486 1061 ταῦτα
504 988 679 1081 πράττειν,
698 990 794 1062 σῖτόν
806 1018 844 1062 τε
861 986 1029 1081 ὁμολόγη-

55 1113 118 1162 σαν
138 1095 181 1182 τῇ
195 1087 366 1180 Ῥωμαίων
383 1096 520 1184 στρατιᾷ
534 1090 678 1182 διμήνου
692 1097 859 1182 παρέξειν,
877 1095 934 1163 καὶ
946 1091 1029 1185 χρή-

55 1221 144 1281 ματα
164 1197 214 1272 εἰς
231 1188 448 1283 όνωνιασμδν
467 1197 501 1277 ἐξ
519 1199 655 1283 μηνῶν,
675 1192 720 1276 ὥς
736 1195 755 1266 ὁ
773 1199 907 1287 κρατοῦν
924 1198 1026 1279 ἔταξε.
1048 1211 1079 1261 10

56 1298 111 1364 καὶ
129 1289 149 1364 ό
168 1294 233 1383 μέν
249 1290 374 1376 ῦπατος
392 1292 507 1384 λαβοδν
530 1293 570 1366 τὰ
589 1299 793 1386 κομισθέντα
815 1298 872 1366 καί
891 1294 1029 1377 διαδοῦς

56 1400 95 1486 τῇ
114 1399 258 1488 στρατιᾷ
281 1413 424 1467 ποιεῖται
450 1394 507 1478 τὰς
531 1394 614 1485 πρός
637 1393 759 1480 αῦτοῦς
783 1395 914 1488 ἀνοχάς.
950 1395 1029 1485 ήδέ

21 1495 168 1587 υιβουλή
193 1502 251 1586 τῆς
274 1503 455 1587 πρεσβείας
479 1493 670 1587 όκοῦσασα,
688 1501 745 1569 καί
762 1497 803 1568 τὰ
819 1501 880 1569 τοῦ
896 1495 1028 1568 ῦπότου
1075 1536 1077 1543 ·

58 1598 237 1691 γράμματα
258 1601 420 1689 δεξαμένη
444 1597 573 1688 πολλήν
587 1600 800 1690 ποιουμένου
818 1597 1029 1690 παράκλησιν

58 1705 113 1771 καὶ
137 1704 383 1791 παραινοῦντος
406 1696 450 1782 ῦς
477 1699 614 1792 τάχιστα
636 1703 847 1773 καταθέσθαι
870 1697 929 1772 τόν
945 1697 1028 1790 πρός
1045 1717 1079 1766 -15

58 1800 136 1884 τοῦς
165 1800 361 1895 Τυρρηνοῦς
383 1800 546 1892 πόλεμον,
574 1801 682 1893 δόγμα
700 1802 870 1893 ἐξήνεγκε,
896 1800 1029 1872 διδόναι

58 1905 120 1993 τήν
140 1902 281 1995 εἰρήνην
299 1899 343 1985 οῦς
360 1899 503 1996 ήτοῦντο
529 1909 564 1975 οἰ
578 1909 744 1996 πολέμιοι·
777 1901 833 1995 ἐφ’
853 1899 903 1989 οἷς
922 1904 958 1975 δέ
977 1909 1029 1974 δι-

58 2016 166 2089 καίοις
185 2004 268 2095 αῦτη
286 2008 421 2096 γένηται
438 2006 497 2077 τὸν
514 2005 643 2079 ὕπατον
656 2005 929 2099 καταστήσασθαι
943 2004 1029 2078 Λεῦ-

59 2138 133 2180 κιον
140 2114 309 2198 Αἰμίλιον,
318 2102 363 2191 οῦς
375 2104 418 2178 διν
430 2105 522 2203 αὐτῷ
532 2114 625 2200 φανῇ
633 2108 792 2199 κρότιστα
798 2113 892 2192 ἕξειν.
907 2106 1030 2190 ταύτας

61 2207 176 2299 λαβεδυ
192 2208 250 2293 τὰς
267 2208 495 2303 ἀποκρίσειςδ
513 2206 638 2291 ὕπατος
656 2211 834 2281 σπένδεται
851 2208 935 2301 πρός
952 2207 1030 2291 τοῦς
1048 2225 1081 2273 20
1169 2211 1172 2232 ⁵

63 2308 301 2402 Οὐιεντανούς,
322 2311 567 2401 ἐπιεικεστέραν
584 2315 712 2399 μᾶλλον
730 2305 1030 2400 ήσυμφορωτέραν

60 2430 130 2496 τοῖς
148 2412 367 2503 κεκρατηκόσι
385 2409 607 2502 ποιησάμενος
626 2410 781 2503 εἰρήνην,
813 2409 893 2482 οῦτε
916 2409 1031 2499 χώραν

61 2514 176 2586 αῦτων
198 2512 442 2605 ἀποτεμόμενος
467 2512 545 2586 οῦτε
569 2511 747 2604 χρημάτων
771 2510 883 2583 ἄλλων
901 2513 1030 2593 ἐπιθείς

61 2622 192 2707 ζημίαν,
211 2613 288 2688 οῦτε
305 2615 441 2708 ὁμήρων
460 2615 553 2687 δόσει
570 2614 608 2686 τδ
626 2615 745 2686 πιστόν
763 2618 799 2686 ἐν
816 2630 885 2695 τοῖς
899 2635 1028 2703 συγκει·
1078 2631 1083 2645 “

60 2722 172 2807 μένοις
198 2716 477 2809 βεβαιωσάμενος.
530 2715 620 2789 τοῦτ’
655 2714 747 2812 αῦτῷ
777 2718 884 2808 μέγαν
911 2712 1031 2806 ήνεγκε
1048 2730 1081 2779 25

61 2818 207 2909 φθόνον,
227 2822 282 2889 καί
299 2824 360 2892 τοῦ
376 2818 422 2910 μή
442 2826 560 2907 λαβεῖν
578 2818 667 2910 παρὰ
682 2824 741 2909 τής
758 2821 883 2908 βουλῆς
899 2815 958 2898 τός
977 2819 1030 2887 ἐπὶ

61 2937 130 3004 τοῖς
148 2923 429 3012 κατωρθωμένοις
446 2920 582 3011 χάριτας
600 2931 709 2992 αἰτιον
727 2924 866 3010 ἐγένετο.
899 2920 1031 3006 ἐνέστη·

62 3045 125 3093 σαν
147 3020 212 3113 γὰρ
237 3020 327 3117 αὐτῷ
351 3022 410 3093 τόν
434 3029 606 3113 θρίαμβον
628 3026 816 3115 αἰτουμένῳ
839 3018 902 3107 τήν
919 3016 1032 3089 αῦθό-

63 3130 157 3195 δειαν
174 3121 365 3213 αίτιοόμενοι
383 3127 451 3196 τοῖν
469 3128 673 3221 συνθηκῶν,
691 3122 742 3193 ότι
759 3120 800 3193 οῦ
818 3117 900 3212 μετὰ
917 3124 1031 3208 κοινής

62 3223 194 3315 γνόμης
208 3222 311 3307 αῦτδις
329 3230 479 3318 ἔπραξεν.
505 3232 562 3296 ἵνα
581 3225 619 3295 δὲ
636 3224 681 3314 μή
699 3222 781 3314 πρὸς
794 3219 898 3313 ῦβριν
912 3216 934 3310 ή
948 3219 1031 3309 πρός
1049 3241 1082 3290 30

63 3324 165 3415 ὀργήν
183 3325 270 3417 λάβῃ
287 3325 324 3397 τό
342 3334 488 3417 πρᾶγμα,
509 3330 563 3397 ἐπὶ
578 3322 815 3406 Οὐολούσκους
833 3320 939 3393 αῦτδν
953 3325 1030 3410 ἐνη-

22 3442 57 3497 ⁷90
64 3437 205 3517 φίσαντο
223 3426 285 3518 τήν
303 3425 448 3518 δύναμιν
466 3426 609 3517 ιἰπόγειν
623 3431 814 3516 ἐπικουρίας
832 3428 892 3495 τοῦ
906 3421 1030 3514 συνόρ-
