2384 3850
376 16 747 126 ⁴·-111-'
954 65 1048 134 105¹
1178 17 1179 22 Ν

29 265 74 308 τε
105 234 294 326 [αύτός]”
254 264 314 324 της
338 235 441 308 αὑτοῦ
464 240 521 308 καὶ
534 240 611 308 τού
634 241 763 327 μηδένα
789 235 1015 312 Οὐολούσκων

28 349 187 427 μονθεῑν,
205 333 295 419 ὅστις
312 326 357 425 ήν
373 334 391 409 ὁ
409 336 470 427 τήν
487 336 635 428 μήνυσιν
652 335 725 410 κατ’
745 339 858 411 αὐτῶν
875 368 1016 431 πεποιη-

30 442 154 528 μένος.
191 441 246 508 καλ
270 436 353 527 μετά
375 444 475 512 τούτο
500 439 708 531 ἐπιφέρει
672 469 735 529 την
759 445 836 534 περὶ
860 448 919 530 τής
942 447 1014 514 έπι-

30 542 232 622 θέσεως
191 568 248 628 της
266 545 536 631 κατεψευσμένης
553 541 709 631 μήνυσιν.
742 541 851 614 ἐδόκει
867 560 936 625 τοῖς
954 543 1015 615 ἀν-

33 639 171 732 δράσιν
193 637 324 730 ἀληθής
348 642 435 714 εἶναι
457 641 475 714 ὁ
501 642 615 732 λόγος,
640 645 696 713 καὶ
721 640 839 715 αύτίκα
863 641 884 733 ή
908 643 1069 734 βουλήν
1180 669 1181 676 “

31 740 119 813 κατ’
141 739 250 830 ἄνδρα
267 737 334 813 ἀπὸ
352 747 422 814 τῶν
437 739 577 816 ύπάτων
594 754 760 834 κληθεῖσα
777 749 941 835 συνῆκτο,
960 748 1016 816 καλ

31 845 232 934 παραχθεὶς
249 842 267 914 ὁ
285 843 434 933 μηνυτής
451 843 529 927 τούς
545 841 668 929 αύτούς
682 843 754 918 εἶπε
768 844 918 939 καὶπρὸς
933 850 1015 919 έκεί-

33 974 110 1034 νην
127 941 169 1014 τά
186 944 286 1014 πιστά
303 945 418 1033 λαβὼν
435 945 564 1035 λόγους.
601 965 670 1030 τοῖς
695 948 732 1018 δὲ
754 952 811 1019 καὶ
834 947 937 1018 πάλαι
953 949 1016 1038 μὲν

35 1043 194 1116 εἶναιτὸ
219 1050 355 1137 πράγμα
379 1046 488 1119 ἐδόκει
515 1047 637 1138 μεστόν
658 1046 822 1136 ὑποψίας,
848 1048 1016 1138 τοσαύτην

32 1145 190 1236 νεότητα
219 1150 252 1231 ἐξ
284 1146 358 1230 ἑνός
381 1155 505 1231 ἔθνους
531 1148 698 1239 διαφόρου
720 1159 838 1240 σφίσιν
868 1153 924 1222 έπὶ
954 1151 1016 1240 τήν
1035 1169 1070 1218 10

34 1251 132 1319 θέαν
163 1250 294 1338 ἐλθεῖν,
329 1249 583 1339 προσελθούσης
609 1252 647 1321 δέ
669 1250 860 1340 μηνύσεως,
892 1243 932 1341 ής
953 1252 1015 1341 τήν

8 1346 178 1444 οάπάτην
212 1346 375 1439 ήγνόουν,
412 1350 511 1441 ἰσχύν
544 1359 687 1441 βεβαίαν
716 1348 738 1440 ή
771 1351 851 1436 δόξα
881 1359 1015 1442 ἔλαβεν,

36 1449 155 1521 ἐδόκει
173 1477 210 1519 τε
226 1456 330 1522 πᾶσιν
347 1449 569 1525 ἀπαλλάττειν
584 1452 664 1534 τούς
682 1450 809 1543 ἀνδρας
827 1457 864 1524 έκ
877 1458 938 1541 ,τής
956 1453 1015 1524 πό·

36 1562 129 1632 λεως
148 1553 230 1642 πρὶν
247 1549 342 1641 ήλιον
357 1557 470 1641 θεῖναι,
488 1571 557 1635 τοῖς
576 1555 613 1624 δέ
630 1553 675 1642 μή
693 1566 885 1625 πεισθεῖσιν
903 1557 1014 1679 ἐπικη-

36 1653 142 1743 ρόξαι
160 1650 328 1740 θάνατον,
347 1657 593 1744 έπιμεληθήναι
612 1655 707 1724 (λε
668 1682 726 1742 της
744 1650 937 1743 ἀπαλλαγῆς
955 1653 1014 1725 αύ-
1034 1679 1069 1728 15

36 1761 131 1842 τῶν,
155 1759 213 1824 ινα
230 1758 331 1845 χωρὶς
347 1753 480 1847 ὕβρεως
503 1759 560 1825 καὶ
576 1783 637 1844 μετ
643 1752 855 1845 ’ἀσφαλείας
867 1760 1014 1890 θένοιτο,

37 1854 123 1938 τούς
140 1849 300 1938 ύπάτους.

121 1956 189 2026 IIII.
214 1962 324 2029 Ταῦτα
342 1961 400 2047 τής
418 1953 838 2053 βουλήςμηφισαμένηςμ)
820 1963 856 2029 ολ
865 1960 928 2048 μὲν
942 1958 1014 2049 ἐκή-

40 2088 169 2150 ρυττον
193 2059 250 2129 διά
272 2087 341 2130 των
365 2065 546 2131 στενωπῶν
571 2058 747 2144 διεξιόντες
769 2059 903 2131 ἀπιέναι
929 2059 1014 2131 θύο-

40 2159 210 2242 λούσκους
239 2165 278 2232 ’έκ
306 2163 366 2249 τῆς
396 2159 523 2243 πόλεως
553 2160 673 2232 αὐτίκα
703 2159 791 2250 μάλα
821 2160 904 2232 κατά
933 2170 1014 2250 μίαν
1032 2186 1070 2235 ιο

40 2261 197 2343 ἅπαντας
216 2259 362 2345 ἐξιόντας
384 2261 495 2350 πύλην
512 2259 575 2385 τήν
592 2264 803 2384 κριλουμένηυ
820 2270 1014 2351 Καπυΐνην,

40 2367 153 2452 ἕτεροι
186 2363 224 2433 δὲ
252 2365 470 2453 παρέπεμπον
499 2361 578 2443 τούς
608 2358 969 2450 ἀπαλλαττομένους“
947 2390 1015 2484 αμα

39 2480 115 2545 τοῖς
139 2461 297 2545 ύπάτοις
331 2472 418 2535 ἔνθα
434 2460 582 2587 μάλιστα
612 2459 715 2583 φ’φθη
738 2459 818 2532 ὅσον
843 2458 954 2555 αύτῶν
976 2460 1014 2533 τό

41 2570 180 2653 πλῆθος
209 2554 254 2654 ήν
276 2560 408 2647 καλός
432 2560 576 2661 ἀκμριτον
607 2560 697 2634 ἅπαν
726 2558 786 2682 ὑφ’
813 2566 874 2634 ἕνα
897 2562 1015 2653 καιρόν

42 2670 102 2736 καὶ
129 2664 213 2736 κατὰ
235 2673 318 2754 μίαν
341 2664 498 2748 ἐξιόντων
519 2664 640 2754 πύλην.
684 2668 814 2756 πρατος
840 2662 943 2735 δὲ’
902 2669 1015 2736 αντιόν
1032 2686 1069 2736 25
1085 2673 1105 2719 '-

42 2765 60 2836 ὁ
80 2764 213 2848 Τύλλος
231 2764 318 2858 έξηει
335 2764 392 2836 διά
408 2769 547 2857 ταχέων,
566 2770 623 2836 καὶ
635 2765 832 2853 καταλαβὼν
846 2762 886 2837 ού
900 2764 1014 2853 πρόσω

43 2874 105 2957 τής
123 2865 253 2949 πόλεως
269 2867 374 2939 τόπον
399 2866 604 2959 ἐπιτήδειον,
629 2871 666 2938 έν
682 2866 789 2960 τούτῳ
814 2864 893 2948 τούς
916 2862 1014 2937 ύστε-

44 2973 191 3059 ροῦντας
208 2966 450 3060 ἀνελάμβανεν.
496 2968 611 3058 ἐπειδή
637 2970 674 3039 δὲ
698 2966 820 3050 πάντες
843 2966 1014 3055 συνήχθη

12 3082 129 3159 ΙΙσαν,
165 3075 346 3160 ἐκκλησίαν
379 3068 603 3159 ποιησόμενος
637 3073 744 3160 πολλή
775 3070 924 3192 καταβοή
957 3072 1015 3156 τής

41 3172 213 3260 Ρωμαίῳν
243 3169 370 3252 πόλεως
402 3170 579 3261 ἐχρήσατο,
613 3167 729 3259 δεινήν
758 3166 862 3240 μαλ’
843 3168 1015 3258 ἀφόρητον
1032 3190 1068 3239 30

47 3268 248 3391 ἀποφαίνων
271 3270 332 3362 τήν
354 3271 474 3363 ὕβριν,
507 3268 550 3360 ἢν
572 3270 768 3360 ὑβρισμένοι
792 3268 876 3364 πρός
902 3269 1014 3341 αὐτῶν

49 3362 136 3460 ἦσαν
155 3370 363 3445 Ούολοῦσκοι
386 3372 482 3464 μόνοι
498 3403 567 3444 των
585 3371 697 3443 ἀλλων
714 3374 751 3455 ξέ
748 3401 819 3443 νων
837 3372 1015 3455 ἐξελαθέν-
