2384 3850
459 105 661 172 ..0-

76 282 213 366 Φαβίον
230 274 418 367 στράτευμα
436 275 577 368 προσιόν
595 274 698 366 άφθη
715 277 802 349 πολύ
825 306 861 349 τε
884 280 940 353 καί
967 302 1047 352 συν·

73 380 289 468 τεταγμένον,
313 375 440 470 θάρσος
464 379 527 467 μδν
550 384 651 467 ἔφερε
673 395 743 461 τοῖς
765 385 949 471 σφετέροις,
974 385 1047 464 δίος

74 480 113 552 δὲ
133 495 203 560 τοῖς
220 485 405 569 πολεμίοις·
430 481 486 551 καὶ
504 486 539 552 οί
559 483 726 571 Τυρρηνοὶ
749 477 860 552 ούκέτι
878 479 1047 572 ἀξιόμαχοι

73 583 164 654 εἶναι
182 589 380 670 νομίσαντες
397 578 480 671 πρὸς
497 577 633 672 ἀγαθήν
649 611 686 653 τε
710 584 768 652 καὶ
784 578 915 673 ἀκμῆτα
941 582 1047 654 δύνα-

71 713 135 773 μιν
149 689 198 764 είς
215 679 330 771 ἀγῶνα
349 699 483 773 χωρεῖν,
496 679 621 777 ᾤχοντο
640 682 830 766 ἐκλιπόντες
848 682 925 765 τούς
942 682 1046 774 χάρα-
1081 708 1098 757 σ

72 815 146 868 κας.
184 779 229 866 ἀς
259 781 293 856 δ’
324 791 372 866 είς
395 780 496 857 ταύτδ
522 789 696 875 συνῆλθον
721 791 759 856 αί
785 789 855 857 τοῖν
877 784 1048 875 Ῥωμαίων

73 885 238 976 δυνάμεις
256 882 452 976 ἀμφότεραι,
470 884 697 977 στρατόπεδόν
713 915 749 958 τε
772 889 946 958 ποιούυται
963 890 1048 977 μέγα

72 997 223 1077 πλησίον
238 991 296 1076 τῆς
320 986 448 1068 πόλεως
473 990 510 1058 ἐν
535 991 662 1081 ἐχυρῷ,
693 991 750 1058 καί
774 986 898 1070 πολλάς
924 983 1048 1079 ἡμέρας

73 1087 199 1162 αὐτόθι
219 1095 453 1179 διατρίψαντες
470 1091 526 1159 καὶ
544 1087 607 1178 τήν
628 1087 773 1180 ἀρίστην
795 1094 864 1162 των
883 1088 1049 1162 Ούιεντα-

73 1195 148 1266 νων
180 1189 293 1280 χάραν
325 1189 586 1280 λεηλατήσαντες
622 1187 754 1281 ἀπῆγον
783 1190 836 1262 ἐπ’
867 1201 964 1264 οίιισν
987 1190 1049 1281 τήν
1068 1214 1099 1262 10

74 1290 245 1385 στρατιάν.
275 1290 319 1374 ὡς
344 1288 376 1364 δ’
403 1299 558 1381 ἐγνωσαυ
581 1296 617 1362 οί
631 1289 837 1364 Ὀύιευτανολ
859 1291 919 1375 τάς
943 1282 1077 1366 δυνά(

73 1424 149 1485 μεις
160 1398 231 1464 των
245 1391 416 1483 Ῥωμαίων
432 1391 615 1484 ἀφειμένας
633 1390 699 1464 άπδ
716 1399 784 1464 τῶν
801 1397 964 1483 σημαιῶν,
987 1394 1050 1482 τήν

77 1495 226 1581 εύζωνον
243 1491 469 1583 ἀναλαβόντες
481 1494 632 1583 νεότητα,
651 1493 694 1582 ἦν
706 1523 742 1565 τε
752 1493 854 1584 ,αὐτοὶ
866 1516 1049 1584 συντεταγ-

74 1601 184 1688 μένην
203 1596 293 1686 είχον
310 1599 366 1668 καὶ
383 1594 446 1685 τήν
463 1594 553 1689 παρά
570 1598 641 1668 τῶν
662 1592 904 1685 πλησιοχώρων
920 1598 1049 1685 καρού-

76 1722 158 1786 σαυ,
190 1696 414 1787 ἐμβάλλουσιν
444 1704 491 1779 είς
517 1695 557 1767 τά
588 1702 812 1789 προσκείμενα
840 1700 882 1787 τῇ
905 1698 1049 1788 σφετέρᾳ
1068 1717 1100 1767 16

76 1800 170 1892 χύρᾳ
188 1805 301 1888 πεδία,
320 1802 376 1870 καί
396 1797 614 1890 διαρπάζουσι
631 1802 770 1887 καρπων
792 1825 829 1868 τε
854 1800 911 1868 καὶ
928 1805 1049 1886 βοσκη-

76 1901 194 1992 μάτων
212 1903 268 1972 καλ
285 1896 481 1991 ἀνθρώπων
497 1897 579 1972 όντυ
591 1897 704 1990 μεστά.
725 1902 914 1989 κατέβησαν
930 1898 995 1989 γάρ
1014 1903 1050 1971 ἐκ

76 2008 147 2075 τεόν
166 2000 340 2093 ἐρυμάτων
357 2007 393 2073 οἱ
407 2005 549 2093 γεωργοὶ
567 2007 662 2093 χιλοῦ
679 2030 715 2073 τε
738 2008 806 2075 των
829 1999 1051 2093 βοσκημάτων

3 2126 67 2177 1778
79 2109 179 2178 ἕνεκα
197 2108 253 2177 καὶ
272 2109 427 2193 ἐργασίας
444 2110 513 2175 τάν
532 2102 658 2196 ἀγρῶν,
676 2103 890 2185 πιστεύοντες
906 2108 949 2195 τή
969 2125 1051 2192 σφε·

77 2210 159 2298 τέρᾳ
177 2210 315 2298 στρατιᾷ
331 2209 573 2298 προκαθημένη
598 2210 655 2275 καὶ
677 2204 719 2275 ού
736 2203 930 2294 φθάσαντες
947 2203 1051 2276 ἀπελ-
1068 2226 1102 2276 20
1122 2283 1124 2288 ,

75 2307 209 2395 θούσης
243 2305 541 2379 ἀνασκευάσασθαι
584 2304 704 2392 πάλιν,
739 2302 816 2375 οὐδ’
856 2308 1051 2388 ἐλπίσαντες

76 2412 223 2481 τοσαῦτα
252 2413 506 2498 κεκακωμένους
541 2404 619 2491 τούς
655 2402 880 2486 Οὐιεντανούς
914 2422 1051 2494 ταχεῖαν

76 2510 187 2591 οὕτως
197 2507 468 2601 ἀντεπιχείρησιν
478 2508 561 2581 κατά
573 2512 635 2579 τού
640 2505 825 2579 ἀντιπάλου
836 2504 1048 2594 ποιήσεσθαι.

79 2608 166 2701 αὕτη
183 2610 307 2702 χρόνον
324 2613 387 2702 μὲν
404 2610 501 2701 μήκει
516 2619 656 2702 βραχεῖα
670 2606 830 2697 ἐγένετοή
844 2611 913 2679 τῶν
928 2604 1051 2679 Ούιεν-

78 2717 192 2785 τανύν
210 2720 258 2794 είς
275 2712 336 2802 τήν
350 2709 518 2802 Ῥωμαίων
535 2717 601 2801 γήν
619 2709 756 2801 ἐμβολή,
774 2708 899 2799 πλήθει
923 2710 961 2781 δέ
985 2707 1051 2801 χά-
1068 2730 1102 2783 2⁶

79 2842 142 2903 ρας
159 2808 203 2904 ἢν
222 2816 373 2902 ἐπῆλθον
392 2818 429 2885 ἐν
446 2831 515 2895 τοῖς
533 2811 625 2885 πάνυ
642 2811 781 2901 μεγάλη,
800 2814 856 2883 καὶ
875 2808 1051 2902 ἀχθηδόνα

79 2913 148 2987 σύν
172 2912 315 3005 αἰσχύνη
341 2910 510 3003 Ῥωμαίοις
534 2912 628 3005 ἀήθη
651 2916 817 3004 παρέσχεν
845 2910 921 3002 άχρι
951 2915 1052 2998 Τεβέυ
1154 2928 1176 2961 ’

79 3014 166 3107 ρειός
195 3044 231 3086 τε
260 3020 410 3105 ποταμού
439 3018 496 3087 καὶ
526 3012 625 3105 ὅρους
652 3013 818 3085 Ἰανίκλου
846 3011 965 3083 στάδια
994 3016 1052 3099 τῆς

72 3116 199 3207 Ῥοόμης
223 3112 300 3187 οὐδ’
337 3126 463 3187 είκοσιν
492 3113 683 3207 ἀφεστῶτος
713 3113 914 3204 ἀφικομέυη.
949 3110 981 3207 [ή
1000 3112 1049 3202 δέ]

79 3216 281 3290 κωλύσουσα
299 3215 362 3307 γάρ
381 3215 522 3309 δύναμις
541 3222 595 3289 ἐπὶ
613 3226 730 3310 πλείου
747 3233 870 3308 χωρεῖν
892 3215 933 3289 τά
956 3217 1052 3287 πολέ·
1069 3235 1103 3291 30

77 3351 139 3411 μιν
180 3316 244 3391 ούκ
274 3310 317 3408 ήυ
347 3314 416 3390 ύπδ
446 3327 613 3410 σημαίαις.
648 3326 781 3407 ἔφθασε
809 3321 894 3408 γοῦυ
924 3315 960 3388 τό
983 3319 1051 3386 τάν
