2384 3850
161 72 224 136 142
543 67 747 129 -H-

160 242 275 332 νύκιε,
298 237 353 311 οἷά
376 269 432 331 μοι
455 243 523 311 νῦν
539 268 576 311 τε
593 237 796 330 άπήντηται,
821 239 877 308 καλ
895 235 994 308 ἐάν
974 265 1035 328 αρα
1050 263 1109 308 πει
1174 235 1175 262 λ

161 346 258 432 σθελς
275 337 358 433 ύμῖν
374 345 489 433 προδῶ
507 339 569 460 τὴν
584 338 715 434 τούτων
732 347 846 410 πίστιν
862 335 918 410 οἷα
935 337 994 410 τὸν
1010 336 1115 409 λοιπὸν

160 439 302 536 ὑπάρξει
318 473 375 534 μοι
391 450 478 532 βίον.
519 445 585 514 νῦν
601 444 664 532 μίν
680 469 720 531 γε
737 439 845 530 πάσης
862 430 1048 531 πράξεως
1028 468 1063 528 ης
1077 434 1115 510 ἂν

161 545 297 636 ἅψωμαι
314 543 393 616 καθ’
414 540 512 634 ὐμῶν
530 540 807 633 συλλαμβάνουσί
817 571 885 632 μοι,
903 545 960 612 καλ
973 539 1116 630 οὐδεμιᾶς·

128 674 145 721 ε
163 644 316 740 πείρας’
297 640 528 736 αποτογχάνοι.
556 646 613 715 καλ
630 649 729 715 τοῦτο
746 649 889 732 πηλίκον
905 654 1022 716 οἴεσθε
1039 643 1111 714 εἶναι
1086 629 1177 830 1566

160 747 339 839 τεκμήριον
357 744 529 836 εὐσεβείας
552 750 611 835 τῆς
630 749 726 836 ἐμῆςς
754 751 786 816 εί
807 741 872 836 γάρ
902 733 948 814 αὐ
971 743 1051 816 κατά
1066 747 1117 832 τῆς

161 875 248 941 πατρ
251 854 322 931 ίδος
361 844 423 938 οὐχ
462 844 557 919 ὅσιον
601 845 666 937 ἐγά
705 844 852 936 πόλεμον
881 843 1117 972 ἐνεστησάμην,

161 948 293 1021 ἅπαντα
311 953 412 1040 ἐχρῆν
435 952 571 1021 ἐναντία
593 977 651 1039 μοι
673 953 831 1037 γίνεσθαι
852 942 893 1018 τά
910 947 1001 1039 παρά
1017 948 1118 1018 θεοῖν
1170 1019 1174 1028 ,

126 1048 260 1129 ὁπότε
278 1045 311 1119 6'
331 1046 438 1143 οὐρίῳ
453 1046 604 1140 πνεούση
621 1052 782 1141 κέχρημαι
803 1053 845 1140 τῇ
867 1050 945 1139 περὶ
969 1046 1049 1130 τούς
1064 1073 1119 1118 πο·
1177 1113 1178 1148 ,

112 1178 145 1227 10
162 1154 284 1242 λέμονς
300 1147 403 1240 τύχη,
434 1145 530 1220 uaz‘
514 1149 650 1234 οπάσοις
673 1146 716 1222 άν
734 1148 941 1239 ἐπιβάλωμαι
958 1146 1118 1242 πράγμασι

161 1247 235 1324 κατ’
261 1248 368 1340 ὀρθὰν
390 1247 522 1323 άπαντά
544 1281 601 1341 μοι
625 1266 743 1344 χωρεῖ,
773 1249 924 1341 δῆλον”
905 1279 956 1322 οτι
989 1246 1122 1338 εὐσεβής

162 1349 262 1443 εἰμι’
242 1351 330 1443 ανὴρ
347 1381 404 1441 και
392 1350 555 1444 πράξεις
572 1379 764 1446 προηρημαι
781 1349 893 1435 καλάς.
925 1362 967 1423 τί
964 1342 1049 1440 οὐν,
1067 1349 1122 1421 ἐάν

161 1451 397 1546 μεταβαλωμαι
414 1453 522 1525 καλ
487 1483 528 1526 τα
546 1454 611 1545 μέν
627 1453 771 1546 ὐμέτερα
789 1451 920 1542 αὔξειν,
937 1482 978 1524 τα
967 1450 1034 1524 66
1049 1450 1123 1524 τού-
1178 1477 1179 1482 ’

161 1585 230 1628 των
247 1553 388 1629 ταπεινά
410 1573 521 1628 ποιεῖν
539 1558 641 1645 ζητοῖ,
673 1552 852 1646 γενήσεταί
871 1583 945 1645 μοι;
973 1543 1015 1644 άρ
1020 1550 1122 1642 ὀὐχὶ

113 1685 144 1732 15
161 1656 336 1747 τάναντία,
354 1660 411 1728 καλ
427 1657 580 1749 πονηράν
595 1661 733 1748 νέμεσιν
751 1660 812 1741 ἕξω
830 1653 920 1747 παρά
937 1684 997 1727 του
985 1659 1120 1744 δαιμο-

161 1766 238 1830 νίου
253 1774 323 1841 τοῖς
339 1755 552 1848 ἠδικημένοις
573 1756 731 1881 τιμωρόν,
758 1756 859 1829 καλ“
832 1778 945 1848 ωσπερ
964 1750 1001 1828 ἐκ
1018 1782 1121 1828 ταπει·
1179 1775 1180 1806 ³

162 1863 225 1933 606
237 1863 343 1981 μέγας
361 1856 418 1931 διά
435 1860 513 1942 τούς
529 1857 633 1944 θεούς
651 1857 890 1951 ἐγενόμην,”
849 1888 955 1942 οατας
973 1846 1074 1942 αὐθις
1090 1859 1121 1929 ἐ

161 1958 308 2051 μεγάλου
336 1959 493 2043 ταπεινὸς
521 1959 722 2052 γενήσομαι,
752 1956 869 2033 καλ’
830 1960 917 2051 ταμά
945 1958 1121 2051 παθήματα

161 2059 372 2150 παιδεύματα
396 2059 573 2151 γενήσεται
595 2080 666 2145 τοῖς
688 2060 821 2150 άλλοις;
848 2063 920 2153 ἐμοὶ
945 2062 1008 2152 μέν
1024 2064 1122 2133 ταῦτα

111 2190 145 2237 20
162 2168 362 2253 παρίσταται
378 2165 457 2255 περὶ
477 2191 537 2235 του
525 2167 734 2255 δαιμονίου
750 2178 909 2257 φρονεῖν,
932 2165 989 2234 καλ
1007 2169 1122 2255 πείθο·

161 2270 225 2354 μαί
238 2293 278 2354 γε
293 2260 352 2347 τάς
369 2262 504 2389 ἐρινύας
528 2269 598 2338 ἐκεί
583 2275 657 2348 ίνας
674 2263 733 2348 τάς
749 2263 896 2356 φοβερὰς
913 2263 1005 2336 καὶ’
987 2292 1121 2356 απαραι-

160 2364 279 2455 τήτονς
302 2382 372 2449 τοῖς
389 2364 529 2440 άνάσιόν
549 2397 582 2439 τι
607 2357 956 2460 διαπραξαμένοις,
929 2394 978 2436 ων
1004 2368 1061 2437 καλ
1082 2362 1122 2435 σύ

21 2482 27 2495 ‘
162 2458 404 2558 ἐμνήσθης,
379 2496 406 2538 ω
429 2467 605 2559 Μηνύκιε,
636 2466 710 2539 τότε
734 2497 790 2560 μοι
812 2464 1178 2560 παρακολουθήσεινισλῠ

161 2567 274 2659 ψυχήν
296 2598 333 2641 τε
356 2570 412 2640 καὶ
437 2573 533 2661 σῶμα
556 2571 781 2660 αἰκιζομένας,
806 2567 892 2641 ὅταν
917 2573 1120 2659 ἐγκαταλίπω

110 2696 144 2744 25
163 2673 219 2740 καλ
237 2671 353 2758 προδοῖ
369 2670 449 2751 τούς
475 2669 647 2754 σώσαντάς
669 2701 711 2762 με
733 2668 969 2743 ἀπολωλότα
951 2667 1012 2760 αφ’
1032 2666 1122 2761 ὑμῶν

162 2772 218 2841 καλ
241 2767 323 2859 μετά
344 2774 405 2840 τοῦ
426 2774 534 2842 σῶσαι
556 2772 681 2856 πολλάς
707 2775 763 2843 καὶ
784 2770 889 2855 καλάς
916 2774 1121 2864 προσθέντας

162 2867 365 2965 εὐεργεσίας,
382 2866 432 2954 οἷς
450 2866 612 2963 ἐγγυητάς
626 2881 735 2946 ἔδωκα
748 2873 863 2964 θεούς,
881 2867 926 2955 63
941 2870 995 2943 ἐπ’
1010 2869 1120 2945 οὐδενὶ

161 2979 253 3068 κακῷ
270 2970 332 3065 την
348 2970 464 3063 άφιξιν
481 2973 704 3066 ποιησάμενος
733 2978 789 3048 καὶ
815 2972 976 3067 φυλάξων
993 2975 1061 3071 ἱτὴν
1078 2981 1120 3054 είς

160 3074 238 3146 τάδε
269 3073 392 3168 χρόνον
421 3075 577 3170 καθαράν
605 3081 662 3149 καὶ
684 3076 847 3168 άμίαντον
876 3075 1047 3149 συνοῦσάν
1070 3104 1119 3167 μοι

111 3204 144 3251 30
162 3184 283 3247 πίστιν.

239 3276 401 3347 XXXIlII.
419 3276 521 3351 Ὅταν
539 3280 577 3350 66
591 3286 711 3368 φίλους
725 3287 773 3348 ἔτι
786 3283 901 3369 καλῇς,
916 3269 942 3348 6
956 3275 1118 3366 Μηνύκιε,

162 3375 239 3460 τούς
258 3377 474 3463 ἐξελάσαντάς
500 3410 541 3469 με
571 3383 628 3450 καὶ
646 3386 791 3468 πατρίδα
813 3378 874 3469 τὴν
891 3374 1119 3471 ἀπαρνησαμέ-
