2384 3850
539 93 741 153 ..9.-

158 266 239 349 τσὺς
262 274 427 356 βασιλεῖς,
452 256 501 338 οὑν
517 265 629 340 οὐκέτι
652 265 710 348 τάς
732 260 966 356 ὑπερηφανίας
989 264 1046 332 καὶ
1069 259 1135 343 τάς

62 379 65 382 ’
158 367 274 461 ὕβρεις
308 363 495 461 ὑποφέρειν
529 365 642 459 ήξίου,
676 365 714 438 τὺ
736 371 806 438 τάν
828 364 969 437 ὑπάτων
991 360 1136 455 άρχεῖον

159 469 394 560 κατεστήσατο,
413 474 469 543 καὶ
488 473 568 562 πρὶν
586 475 736 552 ἐκείνους
758 465 908 551 ἐξελάσαι
924 473 982 555 τῆς
1000 464 1135 548 πόλεως

160 575 292 664 ἑτέρους
328 576 464 662 ἐποίησε
492 577 550 660 τής
583 572 758 659 βασιλικῆς
793 571 944 652 ἐξουσίας
979 573 1134 655 κυρίους.

126 671 245 745 οὑστε
270 670 292 743 δι’
314 675 391 765 περὶ
414 681 474 762 τῆς
503 666 689 762 δημαρχίας
719 672 843 760 λέγεις,
877 664 922 750 ὦς
952 670 1007 739 ἐπὶ
1035 672 1136 764 κακῷ

159 780 451 865 παρεληλυθυίας,
476 770 590 864 ἐπειδή
614 771 678 862 τήν
701 769 809 862 ιἰρχήν
827 768 892 842 άπὸ
918 777 1135 861 διχοστασίας

160 885 276 967 ἔλαβε,
305 881 411 947 ταῦτα
438 873 602 946 καὶκατὰ
627 879 686 964 τῆς
711 872 872 956 ὑπατείας
898 874 1014 962 λέγεις.
1047 869 1136 942 οὐδὲ

159 979 223 1067 γὰρ
243 982 375 1067 ἐκείνην
391 973 475 1067 άλλη
492 1005 540 1060 τις
558 975 715 1067 είσήγαγε
725 973 910 1068 πρόφασις,
928 971 997 1044 ἀλλ’
1012 971 1136 1062 ήπρὸς

159 1077 237 1160 τοὺς
261 1087 409 1166 βασιλεῖς
432 1081 501 1149 ταῖν
518 1086 704 1170 πατρικίων
719 1075 844 1160 στάσις.
872 1073 957 1147 ἀλλὰ
973 1081 1010 1145 τί
1024 1071 1135 1145 ταύτά

111 1197 144 1246 10
161 1200 214 1249 σοι
238 1179 448 1268 διαλέγομαι,
474 1176 519 1261 ὑς
542 1182 675 1273 χρηστῷ
697 1181 754 1249 καὶ
777 1184 902 1272 μετρίῳ
924 1184 1061 1267 πολίτη,
1087 1172 1136 1246 δν

160 1277 304 1362 ἅπαντες
329 1291 441 1351 ίσασιν
462 1271 553 1352 οὑτοι
573 1279 692 1352 σκαιὺν
707 1277 789 1351 ὄντα
807 1279 865 1350 διά
881 1279 977 1368 γένος
1002 1279 1059 1348 καὶ
1076 1303 1134 1346 πι-

161 1379 243 1471 κρὸν
268 1383 325 1452 καὶ
350 1380 536 1473 μισόδημον
566 1384 623 1452 καὶ
646 1379 683 1452 τὺ
706 1385 875 1473 θηριῶδες
902 1379 971 1451 ὑπὸ
993 1376 1135 1469 φάσεως

160 1478 323 1554 οὐδέποτε
358 1485 559 1575 ἐξημερῶσαι
595 1480 805 1573 δυνάμενον,
840 1480 914 1554 ἀλλ’
940 1477 1002 1570 οὑχ
1026 1477 1134 1569 ὁμόσε

160 1588 259 1674 χωρεῖ
275 1605 328 1656 σοι
345 1582 385 1656 τά
403 1592 484 1676 ἔργα
509 1589 717 1675 ἐπίπροσθεν
739 1583 961 1674 ποιησάμενος
982 1585 1050 1652 τῶν
1076 1578 1135 1650 λό·

112 1712 144 1761 15
161 1714 243 1773 γων,
267 1690 324 1755 καὶ
343 1690 496 1775 δείκνυμι
513 1682 597 1776 ὅσην
616 1683 748 1776 ίσχὺνὺ
767 1688 870 1774 δῆμος
895 1691 981 1774 έχων
1006 1683 1138 1771 λέληθέ

161 1811 211 1875 σε,
229 1783 270 1857 ὃν
287 1782 349 1858 οὑκ
372 1782 547 1876 ᾐσχύνθης
571 1784 724 1858 ἀνέστιον
748 1789 804 1856 καὶ
826 1783 980 1876 ῥυπαρὸν
1002 1787 1133 1873 καλῶν,
1184 1777 1190 1785 ’

161 1890 216 1959 καὶ
234 1885 314 1959 ὅσον
331 1886 393 1976 ήδε
411 1886 433 1977 ή
451 1884 536 1981 άρχή
555 1890 743 1979 δυναμένη,
761 1884 806 1977 ήν
817 1908 856 1957 σε
869 1885 888 1959 ὁ
900 1885 1001 1977 νόμος
1019 1887 1132 1975 ἐκτρέ-
1145 1898 1177 1948 18

161 2000 287 2059 πεσθαι
310 1992 368 2059 καὶ
390 2000 494 2060 είκειν
519 1988 715 2079 ἀναγκάζεις
746 1992 864 2081 παρεὶς
888 1990 926 2060 δὲ
948 1992 1005 2059 καὶ
1028 1985 1135 2071 αὑτὸς

160 2086 294 2159 ἅπασαν
313 2094 490 2181 εἰρωνείαν
507 2098 608 2182 ἔργον
625 2089 773 2183 άρξομαι.

110 2218 143 2267 20
237 2190 453 2262 XXXXVIII.
487 2189 590 2265 Ταῦτ’
607 2191 724 2281 εἰπάν,
741 2190 843 2284 ὅρκον
855 2188 959 2282 ὅσπερ
978 2192 1135 2281 μέγιστος

16 2309 39 2317 “’
161 2289 273 2377 αὑτοῖς
298 2286 342 2383 ήυ
365 2293 621 2386 διομοσάμενος,
645 2290 666 2383 ή
691 2296 751 2364 τὸν
773 2291 879 2384 νόμον
907 2288 1135 2382 ἐπικυρώσειν

159 2392 182 2483 ή
206 2403 264 2468 τοῦ
288 2400 347 2486 ζῆν
372 2395 604 2487 μεθήσεσθαι,
639 2398 766 2484 σιωπής
801 2396 983 2485 γενομένης
1010 2396 1047 2464 ἐκ
1069 2395 1135 2463 τοῦ

160 2494 312 2587 πλήθους
347 2501 405 2569 καί
435 2502 622 2587 ἐναγωνίου
650 2502 854 2587 προσδοκίας
884 2491 940 2585 ἐφ’
966 2485 994 2589 ᾦ
1016 2495 1135 2585 μέλλει

162 2603 263 2688 δρᾶν,
300 2602 454 2672 ἐκέλευσε
489 2614 694 2691 μεταχωρεῖν
722 2602 759 2669 ἐκ
784 2602 843 2688 τής
868 2600 1041 2686 ἐκκλησιας
1070 2592 1134 2666 τὺν

104 2723 143 2772 νε
159 2696 310 2772 ’Ἄππιον
336 2699 381 2783 ὡς
401 2698 434 2771 δ’
454 2696 516 2771 οὑκ
534 2704 700 2789 ἐπείθετο,
718 2695 803 2770 άλλά
820 2696 898 2781 τοὺς
920 2695 1134 2790 ῥαβδούχους

160 2799 454 2891 παραστησάμενος
476 2804 533 2871 καί
555 2798 615 2873 τὸν
636 2799 748 2892 ὄχλον,
773 2798 813 2873 ὃν
830 2791 892 2889 ήγε
914 2818 1134 2891 παρασκευα-

160 2900 301 2993 σάμενος
331 2914 480 2992 οἴκοθεν,
516 2900 703 2993 ἀπεμάχετο
728 2901 773 2993 μή
797 2905 1038 2993 παραχωρῆσαι
1069 2904 1132 2987 τῆς

43 3023 45 3027 ’
159 3000 299 3096 άγοράς,
324 3004 456 3094 σιωπήν
478 3001 772 3097 ὑποκηρυξάμενος
790 3001 808 3073 δ
826 3000 1011 3094 Λαιτώριος
1035 2998 1132 3071 άνεῖ-

159 3131 234 3194 πεν,
254 3102 305 3175 ὅτι
321 3105 380 3178 τὸν
392 3106 523 3177 ὕπατον
541 3113 588 3188 είς
605 3105 763 3196 φυλακήν
777 3102 973 3176 κελεύουσιν
987 3100 1133 3192 άπάγειν

109 3229 142 3280 30
159 3210 194 3276 οί
210 3202 381 3297 δήμαρχοι.
403 3211 458 3277 καῖ
475 3205 493 3277 ὁ
511 3208 574 3297 μέν
591 3203 758 3300 ὑπηρέτης
775 3208 974 3287 ’κελευσθεὶς
990 3198 1051 3274 ὑπ’
1070 3198 1132 3274 αὑ-

160 3309 221 3377 τοῦ
233 3308 412 3397 προσήγεν,
432 3306 477 3390 ὑς
493 3307 719 3399 τοῦσώματος
737 3305 993 3398 ἐπιληψόμενος·
1011 3306 1081 3374 τῶν
1093 3305 1133 3375 δὲ

160 3404 360 3496 ῥαβδούχων
373 3403 391 3478 ὑ
405 3412 534 3500 πρῶτος
547 3410 713 3500 ἐπιτυχάν
726 3417 837 3480 παίων
850 3406 956 3479 αὑτὸν
968 3403 1131 3495 ἀπήλασε.
