2384 3850
452 63 653 140 -ο-
972 76 1038 145 τοι

61 251 217 340 κραυγῆς
237 250 268 318 δ’
287 251 323 318 ἐκ
339 252 406 320 τοῖν
424 245 602 341 παρόντων
618 252 800 340 γενομένης
816 248 1037 341 μεγάληςκαλ

61 347 340 440 ἀγανακτήσεως,
362 355 448 422 ἵεται
466 347 565 434 αύτδς
583 347 602 422 ὁ
619 348 803 443 Λαιτάριος
827 364 1037 445 παρακελευ-

8 451 214 542 Ιθησάμενος
230 467 300 533 τοίς
316 449 425 542 ὄχλοις
442 449 602 544 ἀμύνειν,
620 455 677 524 καλ
689 459 725 524 oc
737 457 815 545 περὶ
827 451 1038 529 τὸν”Αππιον

63 571 186 644 στῖφος
212 559 341 644 ἔχοντες
362 557 450 627 νέων
467 554 552 626 πολύ
569 557 626 625 καλ
645 553 806 648 καρτερὰν
822 550 1034 645 ύφίστανται.

64 656 122 726 καλ
141 653 225 746 μετά
242 659 340 728 τούτο
357 653 449 745 λύγοι
465 684 502 727 τε
519 652 703 747 ἀσχήμονες
727 658 880 745 ἐγένοντο
904 663 952 739 είς
976 652 1037 728 άλ-
1071 682 1089 730 5

64 755 192 846 λήλους
227 760 283 828 καλ
313 758 472 846 καταβοαὶ
503 761 559 829 καὶ
592 757 756 849 σωμάτων
782 754 944 850 ὠθισμοί·
980 760 1037 830 καλ

64 865 257 930 τελευτῶσα
272 865 319 941 είς
336 873 449 950 χεῖρας
466 854 661 951 ἀπέσκηψεν
672 856 781 952 ήέρις,
796 863 853 932 καλ
866 868 913 944 είς
928 867 1037 934 λίθων

66 957 192 1049 ἤρξατο
215 967 413 1050 προβαίνειν
435 957 545 1048 βολάς.
581 963 698 1052 ἐπέσχε
716 964 754 1034 δδ
769 966 874 1034 ταύτα
897 965 953 1034 καλ
975 965 1036 1034 τού

66 1060 112 1151 μὴ
146 1065 346 1154 προσωτέρω
376 1069 526 1154 χωρῆσαι
550 1063 590 1134 τά
614 1060 709 1136 δεινά
731 1070 887 1146 Κοίντιος
921 1062 1037 1156 ἅτερος

67 1166 137 1234 τῶν
161 1161 300 1236 ὑπάτων
323 1173 428 1246 αίτιος
461 1165 608 1257 ἐγένετο,
641 1162 798 1255 δεόμενός
820 1193 857 1238 τε
879 1159 1038 1238 ἁπάντων
1056 1187 1089 1238 10

68 1267 125 1335 καλ
145 1273 297 1356 λιπαρῶν
314 1263 381 1338 σύν
396 1282 465 1349 τοῖς
482 1265 724 1358 πρεσβυτάτοις
740 1271 810 1338 τῶν
827 1269 865 1338 ἐκ
877 1271 936 1338 τοῦ
954 1287 1038 1338 σνν-

67 1372 187 1459 εδρίου
211 1370 266 1436 καὶ
290 1373 337 1449 είς
359 1367 483 1457 μέσονς
512 1367 590 1451 τούς
613 1362 863 1460 ἁψιμαχοῦντας
887 1365 1038 1458 ὠθούμε-

66 1497 136 1550 νος.
164 1457 207 1556 ήν
227 1468 263 1538 δὲ
280 1470 336 1538 καὶ
354 1471 411 1558 τής
434 1463 557 1560 ἡμέρας
584 1466 621 1542 τό
638 1466 837 1558 λειπόμενον
853 1467 962 1558 βραχύ
978 1469 1038 1557 μέ-

68 1599 145 1661 ρος,
172 1564 256 1640 ὥστε
280 1565 432 1642 άκούσιοι
455 1566 514 1642 ἀπ’
533 1566 690 1661 άλλήλων
713 1568 931 1659 διελύθησαν.
964 1583 1039 1650 ταῖς

68 1667 104 1741 δ’
131 1673 206 1760 ἑξῆς
230 1668 369 1761 ἡμέραις
400 1677 438 1742 αἵ
460 1700 497 1742 τε
519 1668 620 1764 άρχαλ
649 1667 807 1763 ἀλλήλαις
837 1670 1037 1744 ἐνεκάλουν·
1057 1692 1091 1744 15

67 1771 169 1862 ὁμλν
186 1770 310 1855 ὕπατος
333 1789 401 1856 τοῖς
425 1774 626 1868 δημάρχοις,
653 1772 705 1845 ὅτι
727 1770 908 1845 καταλύειν
932 1769 1038 1844 αύτοῦ

67 1872 133 1964 τήν
163 1869 270 1967 άρχήν
299 1871 417 1965 ἠξίουν
443 1879 476 1959 ἐς
501 1872 538 1949 τό
564 1873 792 1968 δεσμωτήριον
821 1872 880 1947 τὸν
909 1871 1040 1947 ύπατον

68 1974 215 2066 ἀπάγειν
232 1975 466 2061 κελεύσαντες·
489 1981 538 2075 τῷ
557 1981 594 2059 δὲ,
610 1972 727 2074 ύπάτγ
745 1984 780 2052 οί
797 1976 975 2071 δήμαρχοι,
995 1972 1040 2059 ὦς

70 2077 290 2169 ἐμβεβληκότι
307 2076 435 2171 πληγάς
453 2080 606 2173 σάμασιν
624 2085 727 2171 ίεροῑς
750 2084 807 2154 καλ
823 2083 1041 2171 καθωσιωμέ-

70 2210 142 2262 νοις
166 2176 232 2251 ὑπὸ
256 2184 315 2252 τού
337 2180 457 2270 νόμον·
485 2184 541 2255 καὶ
561 2186 579 2253 ὁ
598 2181 783 2273 Λαιτύριος
806 2182 846 2252 τά
871 2194 947 2271 ίχνη
971 2185 1040 2253 τῶν
1057 2202 1092 2253 20

3 2364 4 2371 ρ
71 2287 211 2372 πληγῶν
228 2280 318 2372 εἶχεν
336 2284 391 2353 ἐπὶ
409 2288 468 2373 τῆς
485 2280 595 2368 ὄψεως
613 2292 662 2355 ἔτι
679 2280 824 2374 φανερά·
852 2278 875 2369 ἥ
890 2310 927 2353 τε
944 2280 1040 2364 πόλις

3 2396 62 2453 1875
71 2382 134 2473 ὅλη
157 2389 332 2457 διοιδοῦσα
356 2386 414 2455 καλ
436 2380 674 2477 ἀγριαινομένη
700 2380 889 2472 διειστήκει.
927 2389 1041 2453 ἔπειτα

71 2480 172 2575 ὁμλν
191 2487 293 2574 δήμιος
317 2483 476 2579 ἐφρούρει
492 2485 529 2557 τὸ
547 2482 761 2558 Καπιτωλιον
777 2482 845 2573 ἅμα
865 2498 935 2565 τοῖς
958 2490 1041 2574 δημ-

72 2585 205 2677 άρχοις,
231 2583 308 2657 ούτε
330 2582 455 2679 ἡμέρας
479 2586 557 2661 οὔτε
580 2582 701 2667 νυκτός
725 2590 889 2657 ἐκλείπων
910 2580 1038 2676 [αύτού]

73 2686 136 2779 τήν
152 2686 324 2777 φυλακήν·
347 2686 368 2777 ἡ
388 2690 425 2761 δὲ
442 2687 550 2781 βουλή
567 2692 732 2761 συνιοῦσα
748 2684 877 2779 πολλὴν
893 2689 949 2758 καὶ
968 2690 1042 2758 ἐπί·
1058 2705 1093 2757 νο

74 2816 180 2861 πονον
199 2791 340 2861 ἐποιελτο
358 2789 506 2881 ζήτησιν,
523 2789 613 2873 ὅπως
632 2786 695 2881 χρή
716 2795 844 2861 παῦσαι
867 2787 930 2878 τήν
954 2794 1042 2878 διχο·

74 2898 229 2979 στασίαν,
251 2895 311 2963 τού
327 2920 365 2962 τε
383 2891 545 2965 κινδύνου
568 2890 606 2963 τό
628 2893 771 2982 μέγεθος
795 2890 1042 2979 ἐνθυμουμένη,

77 2994 130 3063 καὶ
148 2988 200 3062 ὅτι
217 2989 298 3067 οὐδὲ
315 3009 384 3077 τοῖς
401 2991 539 3076 ὑπάτοις
555 2992 597 3064 τά
615 2988 701 3063 αύτά
721 2988 934 3081 παρειστήκει
956 3018 1044 3080 φρο-

76 3110 159 3167 νεῖν.
187 3088 205 3163 ὅ
223 3094 286 3185 μλν
302 3092 366 3185 γάρ
384 3103 538 3179 Κοίντιος
563 3106 670 3166 είκειν
692 3096 740 3187 τῷ
758 3088 852 3186 δήμῳ
869 3090 910 3162 τὰ
926 3092 1043 3183 με’τρια

75 3192 185 3285 ήξίου,
203 3193 222 3265 ὁ
242 3192 275 3268 δ’
291 3194 432 3280 ’Ἁππιος
449 3199 544 3288 μέχρι
560 3193 714 3268 θανάτου
730 3189 890 3284 άντέχειν.
1060 3211 1095 3262 ³0

153 3296 385 3368 XXXXVIIH.
410 3294 466 3381 Ὡς
485 3297 516 3368 δ’
533 3293 636 3370 ούδέν
656 3301 783 3387 ἐγίνετο
799 3297 918 3388 πέρας,
942 3295 1043 3385 χωρὶς

79 3394 238 3481 ἑκάστους
250 3396 500 3490 ἀπολαμβάνων
511 3394 703 3489 ὁΚοίντιος,
714 3396 794 3481 τούς
805 3425 841 3469 τε
854 3393 1044 3487 δημάρχους
