2384 3850
472 68 673 130 -ο-
992 67 1057 134 ιω

86 251 191 324 λασις.
223 241 279 312 καὶ
296 238 378 330 μετὰ
395 242 499 310 ταῦτα
522 237 622 322 αὑτός
643 270 678 312 τε
695 239 895 332 μισούμενος
917 240 1056 335 δστρα-

84 340 186 433 τηγδς
207 345 264 414 καί
284 349 341 433 τῆς
358 345 512 432 στρατιᾶς
535 337 617 414 ὅσον
633 348 682 414 ίτι
699 350 820 436 περιῆν
836 346 981 435 κατηφὲς
998 347 1057 417 καί

85 442 206 535 ἄτιμον
235 441 454 534 ἐπαγόμενος,
485 447 554 515 των
581 441 804 536 ἀρχαιρεσίων
834 444 1056 534 καθηκόντων

84 543 290 637 ἀνέστρεψεν
313 552 360 628 είς
382 541 443 634 τῆν
466 551 620 637 πατρίδα.

163 647 214 716 Ll.
250 645 537 736 Ἀποδειχθέντων
567 648 605 718 δέ
631 645 702 737 μετ’
731 651 881 730 ἐκείνους
914 643 1055 719 ὑπάτων
1089 673 1106 724 5

84 757 236 822 Λευκίου
256 747 446 840 Οὐαλερίου
471 747 508 820 τὸ
528 746 687 839 δεύτερον
703 752 761 820 καὶ
783 758 944 843 Τιβερίου
957 758 1054 841 Αίμι-

83 859 174 940 λίου,
192 848 323 943 βραχύν
336 879 411 923 τινα
426 848 549 942 χρόνον
565 848 753 941 ἐπισχόντες
764 858 801 922 οί
811 851 985 945 δήμαρχοι,
995 850 1055 922 τόν

82 951 174 1044 ὑπέρ
193 960 391 1045 κληρουχίας
413 949 516 1024 πόλιν
534 956 670 1041 εἰσῆγον
686 950 802 1042 λόγον·
826 956 884 1025 καὶ
900 951 1055 1044 προσιόν·

83 1082 140 1136 τες
170 1071 240 1136 τοῖς
269 1049 408 1137 ὑπάτοις
441 1049 559 1144 ἠξίουν
588 1061 773 1143 βεβαιῶσαι
802 1062 849 1150 τῷ
876 1054 971 1151 δήμω
997 1052 1055 1138 τὰς

82 1151 301 1246 ὑποσχέσεις,
320 1150 359 1238 ῆς
376 1153 555 1245 έποιῆσατο
573 1153 715 1246 ῆβουλῆ
733 1165 887 1250 Σπορίου
901 1164 1055 1230 Κασσίου
1074 1181 1106 1231 10

83 1261 142 1330 καὶ
160 1255 319 1347 Πρόκλου
339 1255 541 1349 Οὐεργινίου
565 1251 815 1348 ὑπατευόντων,
843 1258 999 1349 δεόμενοί
1018 1286 1055 1330 τε

83 1361 143 1430 καὶ
161 1365 388 1450 λιπαροῦντες.
408 1359 464 1431 καὶ
478 1365 514 1429 οί
526 1353 649 1430 ὕπατοι
666 1354 780 1442 αότοίς
797 1359 1056 1450 συνελάμβανον

83 1456 278 1551 ἀμφότεροι,
302 1462 453 1548 Τιβέριος
470 1460 532 1549 μὲν
539 1465 694 1550 Αἰμίλιος
711 1458 810 1531 κότον
822 1464 898 1532 τινὰ
911 1458 1056 1532 παλαιόν

85 1569 134 1644 είς
152 1559 215 1652 τῆν
231 1558 359 1650 βουλῆν
377 1560 440 1632 οὐκ
463 1557 796 1651 ἄλογονίιναφέρων,
820 1559 872 1633 ότι
888 1563 1054 1657 τῷοπατρλ

7 1684 74 1735 1882
85 1660 193 1734 αὑτοὺ
208 1669 380 1754 θρίαμβον
397 1666 584 1758 αἰτουμένῳ
602 1660 760 1752 κατόγειν
776 1659 840 1736 οὐκ
857 1665 1053 1750 ἐπέτρεψεν·
1073 1689 1106 1740 15

85 1764 103 1836 ὁ
120 1765 160 1837 δὲ·
175 1761 358 1856 Οὐαλέριος
375 1760 652 1856 όποθεραπεῦσαι
669 1771 729 1836 τοὺ
747 1762 857 1855 δῆμον
874 1762 937 1855 τῆν
949 1762 1055 1856 ὀργῆν

85 1864 308 1958 βουλόμενος,
332 1863 377 1955 ῆν
401 1864 468 1957 εἶχε
499 1863 581 1956 πρὸς
613 1863 718 1938 αὐτόν
748 1868 803 1937 έπλ
829 1873 876 1962 τῷ
901 1873 1055 1954 Σπορίου

86 1976 239 2041 Κασσίου
267 1966 422 2063 θανάτῳ,
452 1962 492 2039 όν
523 1964 721 2041 ἀπέκτεινεν
749 1966 794 2052 ὡς
825 1972 1055 2061 ἐπιχειροῦντα

86 2077 241 2163 βασιλεία
258 2075 377 2159 ταμίας
395 2068 469 2141 τότε
483 2063 531 2141 όν
545 2065 742 2161 Οὐαλέριος,
760 2068 870 2163 ἄνδρα
886 2078 955 2143 τῶν
972 2067 1055 2142 κατὰ

86 2171 148 2262 τῆν
165 2168 274 2262 αὑτῆν
289 2166 425 2260 ῆλιμίοιν
437 2174 630 2261 γενομένων
641 2174 906 2261 ἐπιφανέστατον
924 2177 962 2243 έν
978 2168 1055 2261 ῆγε·
1072 2197 1106 2245 20

86 2281 217 2363 μανίαις
234 2302 271 2344 τε
288 2274 443 2364 πολέμων
460 2274 516 2343 καλ
534 2280 720 2353 πολιτικαῖς
742 2270 913 2362 πράξεσιν,
938 2270 976 2353 ὃς
999 2276 1055 2342 καὶ

85 2375 122 2446 τὸ
139 2376 293 2465 περὶτῆς
311 2380 511 2466 κληρουχίας
528 2379 712 2462 πολίτευμα
729 2375 859 2463 πρῶτος
878 2371 1055 2461 είσῆγαγευ

87 2483 135 2559 είς
151 2474 214 2567 τῆν
232 2474 342 2563 πόλιν,
361 2479 417 2547 καὶ
436 2471 481 2545 δι’
502 2470 584 2545 αὑτό
611 2472 753 2564 μάλιστα
769 2469 837 2545 ὑπὸ
853 2476 922 2545 τοῖν
939 2500 1055 2562 πατρι·

86 2584 182 2667 κίων,
209 2571 253 2659 εδς
277 2580 386 2666 δῆμον
413 2574 614 2669 αίροόμενος
648 2573 713 2664 πρό
743 2572 868 2663 αὑτων,
898 2573 1053 2665 έμισῆθη.

86 2678 161 2751 τότε
185 2676 216 2748 δ’
237 2669 301 2751 οὖν
322 2673 564 2769 ὑποσχομένων
584 2679 655 2747 τῶν
671 2675 811 2749 ὑπάτων
836 2672 950 2759 αὑτοῖς
976 2702 1055 2767 προ·
1072 2700 1107 2751 25

8 2794 79 2846 1883
86 2778 211 2869 θήσειν
230 2782 267 2851 έν
283 2783 323 2871 τῆ
341 2782 451 2870 βουλῆ
467 2779 527 2851 τὸν
543 2773 631 2870 ὑπὲρ
647 2784 706 2871 τῆς
724 2784 885 2870 διανομῆς
907 2783 976 2850 τῶν
998 2784 1055 2867 δη-

86 2889 216 2973 μοσίων
234 2878 369 2973 κλήρων
385 2878 497 2970 λόγον,
515 2882 648 2969 καὶτῆς
667 2879 900 2972 ἐπικυρώσεως
922 2883 983 2951 τοῦ
1000 2876 1056 2950 νό-

87 3012 154 3075 μον
178 2994 420 3073 συναρεῖσθαι,
444 2976 683 3064 πιστεύσαντες
705 2977 819 3061 αὐτοῖς
841 2985 877 3050 οί
894 2978 1056 3071 δῆμαρχοι

86 3092 246 3176 παρῆσαν
264 3086 319 3155 έπὶ
342 3080 405 3173 τῆν
422 3082 551 3172 βουλῆυ
573 3085 630 3153 καὶ
647 3079 767 3171 λόγους
786 3084 966 3169 διεξῆλθον
984 3084 1058 3152 έπι-

89 3201 200 3269 εικείς.
230 3180 280 3268 οἷς
297 3183 401 3257 οὐδέν
418 3183 648 3269 ἀντιλέξαντες
665 3188 701 3253 οί
714 3178 847 3272 ὕπατοι,
865 3177 910 3265 ως
933 3180 979 3273 μῆ
1001 3211 1056 3271 φι-
1074 3206 1109 3257 30

89 3293 256 3368 λονεικίας
265 3283 366 3370 δόξαν
379 3283 632 3376 ἀπενέγκαιντο,
640 3282 779 3374 γνώμην
788 3279 1058 3356 ὑποδείκνυσθαι

89 3386 168 3471 τοὺς
186 3384 436 3480 πρεσβυτάτους
453 3382 579 3478 ῆξίυυν.
598 3376 642 3477 ῆν
657 3382 689 3456 δ’
702 3380 721 3457 ὁ
733 3389 863 3486 πρῶτος
875 3379 1057 3457 ὑπἀότοὶν
