2384 3850
154 16 229 120 ινδ
473 39 744 118 ’-Η-

153 227 350 318 ἀσπασμοδς
367 228 614 320 γλυκυτάτους,
642 233 699 300 καὶ
721 229 864 302 σεαυτὸν
886 226 1010 311 ἀπόδος
1026 225 1110 317 όφεί-
1156 239 1157 242 ’

153 343 242 422 λημα
268 328 446 402 κάλλιστον
471 335 512 422 τῇ
535 333 770 422 γεννησαμένη
790 355 828 402 σε
850 333 908 402 καὶ
929 333 1111 419 τηλικοῦτον

154 430 264 520 ἀνδρα
281 436 535 524 παιδευσαμένῃ
554 439 702 524 πατρίδι.

206 533 374 626 XXVIIII.
431 537 576 604 Τοιαῦτα
609 531 838 617 διεξελθόντος
861 534 920 603 τοῦ
943 540 1112 622 Μηνυκίου

121 659 138 707 5
155 635 275 728 μικρόν
295 633 476 725 ἐπισχῶνὸ
496 633 649 727 Μάρκιος
669 633 757 704 εἷπε·
783 637 848 706 Σοὶ
865 638 938 724 μέν,
958 624 984 703 ῶ
1003 630 1113 722 Μηνό-

154 767 217 827 ιιιε,
237 740 293 807 καὶ
302 735 385 827 ὑμῖν
401 735 481 826 [τοῖς
493 734 618 827 ἀλλοις]
634 753 703 818 τοῖς
717 732 785 826 ἅμα
797 733 903 828 τούτῳ
918 747 1114 826 πεμφθεῖσιν

153 838 221 909 ὑπὸ
239 844 298 928 τῆς
315 842 440 927 βουλής
464 846 561 927 φίλος
593 841 662 927 είμὶ
679 839 735 907 καὶ
759 833 935 928 πρόθυμος
966 847 1001 906 εί
1014 865 1045 906 τι
1064 832 1115 904 δυ’-

40 968 49 984 ·
154 970 258 1031 ναμαι
276 956 387 1010 ποιεῖν
403 933 553 1027 ἀγαθόν,
577 937 628 1008 ότι
645 969 702 1029 μοι
720 940 775 1008 καί
793 935 974 1029 πρότερον,
993 936 1048 1007 ὅτε
1064 964 1116 1006 πο

154 1049 247 1129 λίτης
264 1038 423 1130 ὑμέτερος
440 1031 483 1128 ἦν
500 1043 557 1110 καὶ
573 1039 615 1110 τά
632 1039 728 1110 κοινά
746 1045 919 1130 ἔπραττον,
940 1041 978 1108 ἐν
992 1047 1115 1118 πολλοῖς

106 1165 137 1213 10
155 1144 211 1211 καὶ
230 1139 424 1229 ἀναγκαίοις
443 1144 603 1228 ἐγένεσθε
625 1157 754 1231 καιροῖς
772 1138 945 1238 χρήσιμοι,
970 1143 1028 1211 καὶ
1045 1135 1116 1230 μετίι

155 1243 217 1330 τήν
242 1240 358 1332 φυγὴν
386 1237 449 1313 οάιι
472 1240 710 1332 ἀπεστράφητέ
728 1269 770 1332 με
795 1240 1044 1332 καταφρονήσει
1065 1244 1114 1328 τής
1166 1271 1169 1300 ι

154 1343 228 1414 κᾶε
246 1343 365 1433 τύχης,
385 1338 429 1425 ῶς
446 1341 524 1414 οὔτε
541 1352 663 1432 φίλους
683 1334 719 1415 εὖ
737 1361 847 1415 ποιεῖν
867 1341 1059 1432 δυνάμενον
1075 1348 1115 1412 ἔτι
1124 1357 1170 1407 ιιιε

155 1442 227 1516 οὔτ’
250 1444 393 1537 ἐχθροὺς
411 1449 538 1534 κακῶς,
563 1443 648 1515 ἀλλά
672 1448 808 1537 χρηστοὶ
832 1447 888 1514 καὶ
903 1445 1037 1540 ,βέβαιοι
1056 1450 1117 1513 διε·

154 1555 291 1636 μείνατε
315 1555 409 1638 φίλοι
442 1544 564 1639 μητρός
591 1573 628 1616 τε
656 1550 714 1636 τῆς
745 1548 840 1636 ἐμής,
854 1545 1034 1634 κηδόμενοι
1068 1547 1118 1614 καὶ
1171 1545 1172 1618 λ

104 1669 136 1717 15
154 1648 315 1737 γυναικὸς
333 1651 390 1719 καὶ
407 1649 548 1736 τέκνῶν,
568 1649 625 1717 καὶ
642 1645 700 1730 τάς
718 1644 894 1738 συμφορὰς
912 1642 1028 1728 αὐτοῖς
1045 1673 1117 1716 κον-
1172 1633 1173 1702 δ

23 1833 26 1837 ,
155 1753 299 1841 φοτέρας
323 1757 498 1829 ποιοῦντες
521 1764 593 1829 ταῖς
618 1751 956 1837 ίδίαις’ἐπιμελείαις.
995 1764 1064 1829 τοῖς
1086 1745 1117 1814 δὲ
1173 1721 1174 1766 ¹

155 1847 268 1933 ἀλλοις
283 1846 451 1941 Ῥωμαίοις
468 1849 661 1939 ἀπέχθομαί
675 1877 711 1919 τε
735 1846 779 1932 ῶς
807 1848 955 1940 δύναμαι
985 1847 1120 1939 μάλιστα

155 1957 212 2021 καὶ
237 1957 372 2040 πολεμῶ
397 1952 454 2020 καὶ
477 1949 640 2020 οὐδέποτε
664 1954 773 2041 μισῶν
796 1948 918 2031 αὐτοὺς
941 1949 1118 2039 παύσομαι·

152 2056 190 2121 οἵ
206 2078 247 2141 με
258 2048 334 2120 ἀντὶ
347 2054 482 2123 πολλῶν
495 2054 551 2121 καί
565 2055 679 2123 καλῶν
693 2059 812 2143 ἔργων,
828 2048 882 2142 ἐφ’
902 2048 953 2133 οἷς
966 2054 1120 2142 τιμᾶσθαι

22 2172 31 2183 “·
105 2174 139 2222 20
157 2155 348 2242 προσῆκεν,
367 2149 413 2234 ῶς
430 2149 470 2222 τὰ
487 2156 627 2243 μέγιστα
646 2151 892 2243 ἐξημαρτηκότα
909 2156 987 2244 περὶ
1004 2152 1040 2223 τὸ
1060 2181 1120 2223 κοι-

155 2250 218 2324 νδν
237 2256 382 2343 αίσχρῶς
402 2252 568 2343 ἐξήλασαν
585 2258 622 2325 ἐκ
640 2258 701 2343 τής
718 2260 889 2344 πατρίδος,
907 2252 986 2324 οὔτε
1002 2254 1122 2344 μητέρα

156 2358 375 2438 αἰδεσθέντες
399 2355 461 2445 τὴν
485 2354 569 2446 ἐμήν
592 2353 671 2427 οὔτε
696 2361 815 2426 παιδία
841 2353 1035 2443 ἐλεήσαντες
1050 2348 1119 2426 οὔτ’

155 2454 237 2527 ἀλλο
262 2457 371 2540 πάθος
395 2454 519 2548 ήμερον
541 2454 646 2528 οὐδὲν
670 2459 724 2527 έπί
748 2472 820 2538 ταῖς
850 2461 944 2547 ἐμαῖς
967 2452 1122 2545 λαβόντες

87 2645 89 2648 ¹
154 2556 278 2648 τύχαις.
314 2558 480 2648 μαθόντες
500 2557 542 2647 δή
560 2562 669 2649 τούτο,
682 2565 720 2629 ἐί
736 2558 798 2647 μὲν
816 2553 912 2629 αὐτοὶ
931 2559 1052 2629 δεῖσθέ
1067 2585 1122 2628 τον

104 2679 138 2729 25
157 2656 238 2750 παρ’
265 2658 377 2748 ἡμῶν,
407 2662 519 2747 λέγετε
547 2661 659 2755 μηθὲν
687 2656 883 2748 ὀκνοῦντες,
914 2653 959 2741 ῶς
984 2655 1122 2748 οὐθενός

155 2756 378 2849 ἀτυχήσοντες
395 2764 462 2829 τῶν
482 2764 655 2830 δυνατῶν·
675 2763 752 2852 περὶ
772 2760 810 2830 δέ
827 2768 942 2850 φιλίας
959 2764 1016 2838 καλ
1036 2766 1121 2830 διαλ-

155 2863 286 2950 λαγῶν,
316 2857 356 2941 δίς
380 2858 515 2958 ἀξιοῦτέ
534 2889 575 2950 με
599 2859 806 2951 ποιήσασθαι
830 2862 914 2954 πρὸς
937 2861 997 2933 τὸν
1020 2866 1121 2952 δῆμον

155 2965 209 3033 ἐπὶ
227 2980 299 3044 ταῖς
315 2966 424 3033 ἐλπίσι
437 2967 495 3051 τής
508 2959 674 3052 καθόδου,
688 2962 866 3035 παύσασθε
882 2961 1119 3058 διαλεγόμενοι.

99 3077 104 3081 ’
154 3061 244 3133 πάνυ
262 3064 325 3155 γάρ
342 3062 519 3154 ἀγαπητῶς
538 3067 697 3154 δεξαίμην
714 3060 757 3136 ἀν
775 3072 822 3146 είς
839 3062 997 3155 τοιαύτην
1014 3059 1176 3135 natea-'15⁶8

63 3182 67 3187 ’
103 3188 136 3235 30
154 3175 234 3235 θεῖν
258 3164 378 3254 πόλιν,
405 3170 441 3236 ἐν
465 3156 544 3257 ήτά
567 3167 630 3255 μὲν
653 3170 712 3255 τής
732 3165 851 3256 ἀρετῆς
877 3156 1007 3254 ἀθλαή
1026 3172 1121 3237 κακία

134 3270 307 3357 φέρεται,
334 3266 392 3347 τάς
417 3268 453 3336 δέ
471 3271 539 3337 τῶν
556 3265 755 3357 κακούργων
778 3276 937 3357 τιμωρίας
960 3272 997 3338 οί
1018 3267 1120 3358 μηδὲν

155 3363 379 3458 ημαρτηκότες
395 3365 630 3457 ὑπομένουσιν.
668 3370 756 3457 ἐπεί,
792 3372 891 3460 φέρε,
921 3366 1005 3458 πρὸς
1033 3370 1121 3441 θεῶν

381 3474 395 3503 ἱ
