2384 3850
374 87 656 201 ζ’-ο-
871 75 1044 164 ἐυ

62 264 285 397 ἀποθνήσκει
319 271 376 339 καὶ
410 272 527 342 πολλοὶ
567 273 625 340 καὶ
659 268 789 358 ἀγαθοὶ
816 275 900 361 περὶ
941 267 1044 344 αύτύυ

61 367 167 440 άλλοι
186 371 265 440 νέοι
318 369 401 460 μετά
426 368 519 441 δὲ
483 399 523 442 το
541 370 652 454 πάθος
668 378 766 444 τούτο
780 370 887 454 εύθύς
903 403 922 443 ο
912 369 1045 465 ’χάραξ

60 470 239 561 ἡλίσκετο,
274 472 330 542 καὶ
359 474 452 554 τέλος
489 472 556 562 εἶχε
591 488 660 557 τοῖς
688 484 875 564 Τυρρηνοῖς
899 472 1043 594 τάμον

62 571 229 662 τεύματα.
280 580 312 644 ελ
335 603 398 663 μεν
424 563 489 646 ούυ
515 574 753 664 ἐταμιεύσαντο
778 573 842 666 την
867 579 1044 667 παρούσαυ
1083 627 1087 633 »

63 671 235 799 εὐτυχίαν
255 678 312 748 καὶ
339 674 393 748 διὰ
397 679 574 798 φρλακης
603 675 752 767 εἶχον
717 707 778 750 τον
803 675 950 769 χάρακα,
985 675 1078 801 τάςσ

17 797 51 844 70
61 805 101 848 τε
137 773 329 858 ἀποσκευάς
363 780 432 850 τοῖν
458 773 628 868 Ῥωμαίων
661 782 824 869 κατέσχον
847 782 903 851 καὶ
922 775 1044 861 αύτούς

60 881 218 970 αἰσχρῶς
243 874 408 951 ἀπελθεῖν
430 876 633 969 ἠνάγκαζον·
685 884 752 951 νύν
776 881 814 951 δὲ
836 880 919 970 πρὸς
936 876 1043 971 ἀρτα-

59 980 133 1071 γὴν
170 982 239 1050 ταῖν
272 978 550 1072 ἀπολειφθέντων
584 979 785 1073 τραπόμενοι
819 985 875 1054 καὶ
911 979 1043 1102 ἀναφύ-

61 1110 187 1172 χουτες
204 1077 241 1152 τό
260 1079 378 1153 λοιπόν
395 1088 430 1153 ολ
453 1088 608 1173 πλείους,
643 1082 798 1176 καλὴν”
776 1114 889 1176 αγραυ
913 1089 949 1157 ἐκ
973 1086 1043 1156 των

60 1186 194 1310 χειροῖν
211 1178 496 1307 ἀφηρέθησανᾸ
473 1213 517 1266 ως
534 1182 600 1275 γάρ
617 1181 815 1318 ἀπηγγέλθη
829 1189 962 1313 θατέρφ
974 1191 1042 1258 τῶν
1061 1208 1093 1257 ιο

58 1283 210 1358 ὑπάτων
227 1280 248 1375 ἡ
265 1289 326 1356 τού
351 1283 493 1376 χάρακος
519 1285 659 1376 ἅλωσις,
695 1285 851 1377 ἠπείγετο
882 1287 947 1360 σύν
972 1303 1042 1370 τοῖς

59 1385 219 1477 ἀρίστοις
237 1387 368 1460 ἱππέων
382 1415 419 1458 τε
437 1389 493 1458 καὶ
512 1393 628 1473 πεξοὸυ.
653 1392 774 1460 καλοί
797 1391 963 1512 Τυρρηνοὶ
981 1419 1042 1478 μα·

60 1489 193 1570 θόντες
210 1484 314 1560 αύτδυ
332 1487 469 1562 ἐπιόντα
490 1488 808 1580 περιεστεφάνωσαν
824 1489 883 1561 τόν
899 1489 1040 1580 χάρακα,

48 1579 159 1682 ’μάχη
186 1617 222 1660 τε
235 1588 348 1662 αύτοὶν
374 1598 503 1680 γίνεται
520 1590 675 1683 καρτερά,
702 1595 771 1662 των
787 1592 851 1681 μὲν
868 1587 1042 1663 ἀνασοάσα·

60 1707 155 1766 σθαι
172 1697 388 1782 βουλομένων
401 1691 441 1764 τά
467 1695 624 1785 σφέτερα,
658 1697 728 1765 των
755 1695 792 1764 δὲ
817 1690 863 1783 μὴ
890 1695 1040 1764 πασσυδὶ
1059 1712 1091 1762 16

61 1797 312 1884 διαφθαρῶσιν
355 1790 492 1879 άλόντος
535 1801 595 1868 τού
638 1793 781 1887 χάρακος
826 1792 1038 1867 δεδοικότων.

60 1895 195 1989 χρόνου
227 1898 264 1969 δὲ
284 1900 464 1989 γινομένου
496 1904 650 1981 πλείονος
676 1899 733 1969 καὶ
757 1898 827 1970 ταῖν
858 1899 1042 1988 Τυρρηνῶν

61 1998 179 2071 πολλὰ
197 1998 503 2073 πλεονεκτούντων
544 1992 587 2090 ἦν
612 1998 677 2092 γάρ
704 1996 817 2083 αύτοῖς
845 2003 878 2084 ἐξ
895 1998 1041 2091 ὑπερδε-

60 2108 152 2186 ξίων
179 2129 222 2171 τε
251 2109 385 2194 χωρίων
415 2104 471 2173 καὶ
505 2100 588 2194 πρὸς
614 2100 819 2193 ἀνθρώπους
846 2099 887 2173 δι’
915 2098 1041 2195 ἡμέρας

59 2202 149 2292 ὅλης
181 2202 384 2293 κεκμηκότας
416 2202 438 2293 ἡ
465 2202 566 2294 μάχη·
624 2213 721 2283 Τῖτος
753 2211 890 2285 Σίκκιος
916 2202 934 2274 ὁ
962 2230 1040 2294 πρε·
1058 2220 1092 2271 20

60 2302 213 2395 σβευτὴς
239 2307 296 2375 καὶ
312 2300 580 2395 ἀντιστράτηγος,
607 2301 852 2393 κοινωσάμενος
878 2309 926 2396 τῷ
951 2302 1039 2373 666-

59 2436 113 2501 τῳ
149 2404 213 2495 την
247 2402 353 2479 αύτού
387 2407 542 2479 διάνοιαν
576 2404 613 2475 τὸ
648 2400 871 2494 ἀνακλητικὸν
907 2406 1041 2475 ἐκέλευε

5 2515 176 2599 ιιισημαί
173 2536 259 2598 νειν,
294 2511 352 2580 καὶ
381 2506 461 2581 καθ’
501 2514 539 2580 ἓν
574 2504 723 2589 ἅπαντας
754 2509 955 2631 γευομενους
980 2508 1042 2599 μιᾷ
1140 2545 1143 2551 -

61 2608 296 2735 προσβάλλειν
325 2614 455 2705 πλευρᾷ
484 2614 543 2682 τοῦ
566 2607 726 2702 χάρακος,
761 2605 842 2680 καθ’
861 2603 1039 2699 ὃμάλιστα

53 2744 100 2785 -το
88 2703 286 2803 Ηχωρίον
266 2742 309 2802 ηυ
328 2710 591 2834 ἐπιμαχώτατον
626 2709 669 2783 τά
695 2713 732 2783 δὲ
749 2709 833 2783 κατά
856 2708 914 2793 τάς
933 2709 1040 2792 πύλας
1058 2725 1091 2776 25

61 2827 164 2887 εἴασε
198 2817 281 2904 μέρη
316 2813 398 2885 κατά
433 2844 508 2886 τινα
539 2812 652 2885 εἰκότα
682 2812 860 2905 λογισμόν,
901 2810 938 2895 ὃς
977 2809 1040 2883 ούκ

61 2912 234 3003 ἐψεύσατο
269 2913 391 3006 αὐτόν,
434 2913 485 2988 ὅτι
510 2914 818 3013 σωθήσεσθαιμδν
798 2919 1039 3011 νέλπίσαντες

61 3050 97 3091 οι
134 3022 302 3109 Τυρρηνοὶ
328 3017 533 3109 μεθήσονται
559 3022 620 3091 τοῦ
637 3015 797 3109 χάρακος,
834 3013 905 3086 ἐν’
888 3012 1039 3103 απογνά·

62 3144 120 3193 σει
140 3123 179 3193 δε
195 3118 316 3192 τούτου
330 3120 503 3211 γευόμενοι
521 3116 721 3201 κυκλώσεώς
738 3146 774 3189 τε
789 3114 992 3189 πάντοθεν“
973 3114 1039 3189 υπὸ

61 3253 138 3295 των
165 3230 333 3313 πολεμίων
359 3226 539 3313 γενομένης
557 3225 614 3293 καὶ
640 3220 797 3310 οὐδεμιᾶς
823 3216 1039 3311 ὑπαρχούσης
1057 3232 1091 3281 30

64 3324 189 3411 ἐξόδου
207 3323 392 3414 ἀναγκαῖον
410 3328 520 3409 ἕξουσι
537 3322 573 3396 τό
587 3322 761 3413 ἐύτολμου.
798 3324 979 3411 γενομένης
1003 3321 1040 3390 δὲ

64 3424 152 3501 καθ’
174 3432 213 3498 δυ
225 3435 349 3519 χωρίου
366 3430 424 3516 της
447 3431 637 3519 προσβολῆς
654 3423 766 3497 ούκέτι
783 3423 865 3518 πρός
884 3420 990 3511 ἀλκὴν
1006 3427 1042 3493 οἱ

121 3574 201 3610 mon.
216 3574 260 3613 111.
722 3548 728 3559 “
846 3535 886 3599 16
