2384 3850
123 118 185 184 328
511 116 568 168 κ’
598 119 628 178 Θ
672 153 710 163 -

124 305 246 382 ρεσθαι
263 290 588 380 καταφρονήσαντες,
610 294 752 378 ἐξῆλθον
764 287 1008 379 ἀγωνιούμενοι
1021 293 1105 391 περί

124 400 183 484 της
204 400 286 483 γῆς,
310 396 365 464 καλ
389 400 534 479 πλησίον
555 397 615 463 τού
641 391 849 477 Οὐετουρίου
878 416 1105 478 κατεστρατο-

125 502 304 568 πέδευσαν
350 491 404 566 οἷα
423 496 460 564 δὲ
484 503 578 584 φιλεῖ
598 493 740 583 πάσχειν
762 494 900 617 στρατιά
918 495 1105 574 νεοσύλλε-

124 627 200 680 κτος
214 605 251 667 ε”κ
260 625 296 667 τε
309 600 481 668 πολιτικού
494 599 549 667 καὶ
560 603 746 690 γεωργικοῦ
759 595 841 685 πρδς
851 595 1103 685 καιρόυσυνελ·

91 696 246 780 σθύντος
274 695 375 789 ὄχλον
404 711 634 788 συναχθεῖσα,
670 687 754 767 έν
730 726 753 788 η
780 696 868 767 πολύ
897 702 954 767 καὶ
981 696 1019 767 τδ
1036 695 1186 773 &lv—193·

124 809 229 871 οπλον
246 791 289 888 ἦν
307 801 362 870 καὶ
380 796 590 872 κινδύνων”
568 827 725 888 απειρον,
750 795 828 869 οὐδ’
848 806 896 882 είς
913 815 1025 888 χεῖρας
1043 805 1102 870 έλ-

125 913 204 973 θεῑν
226 917 296 982 τοῖς
320 908 489 990 πολεμίοις
512 900 718 990 ἐθάρσησεν·
745 896 862 970 ἀλλ’”
840 929 908 989 αμα
924 909 965 992 τχῖ
982 900 1102 994 πρώτη

125 1011 193 1073 τάν
211 998 379 1091 Ῥωμαίων
404 1002 516 1096 ἐφόδῳ
540 1005 820 1092 διαταραχθέντες
844 1007 879 1073 οί
899 1006 1017 1073 πολλοὶ
1040 1005 1101 1073 καὶ

125 1102 203 1174 ούτε
234 1099 427 1193 ἀλαλαγμὸν
453 1102 530 1174 ούτε
560 1101 677 1174 ὅπλων
706 1102 836 1174 κτύπον
864 1103 1102 1193 ἀνασχόμενοι,

77 1228 109 1276 10
126 1203 363 1294 προτροπάδην
393 1211 539 1293 ἔφευγον
563 1213 611 1286 είς
633 1203 674 1275 τά
697 1213 804 1294 τείχη·
845 1201 931 1276 ὥστε
953 1205 1100 1287 πολλούς

126 1308 188 1397 μὲν
213 1310 249 1378 έν
272 1323 346 1388 ταῖς
368 1314 604 1397 στενοχωρίαις
626 1311 695 1377 των
712 1302 805 1376 ὁδῶν
821 1310 1102 1396 καταληφθέντας

127 1407 332 1495 ἀποθανεῖν,
368 1413 481 1501 πολλῷ
512 1411 549 1479 δδ
580 1416 716 1490 πλείους
752 1408 844 1497 παρὰ
874 1425 946 1490 ταῖς
974 1407 1102 1491 πύλαις

127 1509 345 1599 ὠθουμένους
362 1516 430 1581 τῶν
447 1515 578 1581 ίππέων
595 1509 853 1580 ἐπιδιωκόντων.
891 1506 1102 1584 Ούολούσκοι

126 1613 189 1702 μὲν
207 1603 270 1682 ούν
287 1609 392 1703 ταύτῃ
410 1611 613 1701 χρησάμενοι
629 1615 671 1702 τῇ
687 1616 858 1703 συμφορᾷ,
871 1617 959 1700 σφᾶς
976 1607 1102 1695 αύτούς

79 1734 110 1783 1ο
127 1712 269 1805 ᾐτιῶντο
291 1718 351 1800 τῆς
374 1711 586 1803 ἀφροσύνης,
618 1715 674 1783 καί
697 1709 800 1784 ούδὲν
817 1721 866 1782 ἔτι
889 1720 1102 1799 παρακινδυ-

126 1814 242 1886 νεύειν
272 1819 461 1904 έπειραάντο.
502 1821 537 1886 οί
559 1813 655 1885 δὲ
619 1843 677 1896 τας
701 1819 738 1884 έν
754 1812 915 1908 ὑπαίθρῳ
941 1812 1098 1902 στρατιάς

129 1914 356 1989 Οὐολούσκων
390 1947 426 1989 τε
461 1918 601 1988 καὶΑί
552 1920 714 1988 Αίκαυάν
754 1924 885 2010 ἔχοντες
926 1913 1101 2006 ηγεμύνες,

122 2017 381 2105 πυνθανόμενοι
403 2018 445 2089 τὰ
472 2026 579 2089 οίκετα
604 2017 854 2142 πολεμούμενα,
885 2017 1044 2106 γενναῖόν
1067 2048 1102 2090 τι

127 2122 183 2191 καὶ
213 2110 305 2189 οὗτοι
336 2124 422 2204 δρᾶν
454 2119 716 2209 ἐβουλεύσαντο,
747 2116 950 2200 ἀναστάντες
982 2125 1018 2190 εἰι
1040 2124 1100 2209 τῆς

72 2241 110 2290 '20
122 2221 285 2309 Ἑρνίκων
307 2248 343 2290 τε
367 2223 423 2292 καὶ
448 2230 606 2293 Λατίνων
628 2224 689 2310 γης
715 2224 769 2291 έπί
786 2219 849 2310 τήν
862 2216 989 2311 Ῥάμην
1004 2219 1101 2310 ἀγειν
1112 2244 1182 2294 1940

128 2322 172 2407 ὦς
186 2324 276 2413 εἶχον
287 2318 390 2412 ἀρχῆς
401 2352 438 2394 τε
449 2326 504 2395 καὶ
517 2322 639 2413 τάχους
649 2322 710 2393 τὸν
722 2322 878 2410 στρατόν,
889 2322 974 2392 κατὰ
987 2321 1101 2393 τοιάν-
1177 2372 1188 2395 ι

129 2433 167 2496 δε
175 2425 250 2496 τινά
263 2427 319 2495 καί
337 2421 431 2495 αύτοὶ
451 2425 563 2514 δόξαν,
575 2424 626 2497 ὅτι
639 2429 735 2494 δυεῖν
747 2433 857 2513 ἔργων
871 2429 985 2494 καλῶν
994 2423 1101 2495 θάτε-

128 2558 188 2619 ρον
206 2525 320 2609 αὐτοῖς
337 2535 549 2615 κατορθῶσαι
566 2524 724 2614 ὑπάρξει,
746 2519 769 2613 ἢ
791 2524 855 2614 τὴν
867 2524 993 2615 Ῥώμην
1010 2521 1101 2613 ἀφύ-

127 2640 251 2700 λακτον
266 2620 373 2701 οὖσαν
392 2632 498 2715 ἑλεῖν,
514 2625 536 2718 ἢ
553 2628 630 2713 τούς
648 2635 826 2715 πολεμίους
844 2631 881 2697 ἐκ
898 2631 956 2715 τῆς
970 2630 1102 2699 ἑαυτῶν

76 2749 110 2797 25
127 2728 236 2821 χώρας
261 2727 483 2817 έκβαλεῑν,’
458 2760 504 2812 ως
528 2731 571 2848 δη
588 2738 658 2803 τῶν
677 2724 818 2799 ύπάτων
838 2725 1100 2825 ἀναγκασθησο-

127 2835 239 2923 μένων
257 2834 488 2952 πολεμουμένῃ
508 2859 549 2920 τη
538 2835 708 2956 πατρίδι
728 2838 879 2919 βοηθεῖν.
903 2833 1008 2900 ταύτα
1024 2836 1101 2899 δια-

127 2934 308 3022 νοηθέντες
330 2960 414 3020 ηχον
437 2961 499 3020 την
522 2933 681 3019 στρατιάν
704 2932 1007 3021 ἐπιταχύνοντες,
992 2928 1036 3000 ιν’
1052 2928 1098 3015 ἐξ
1185 2956 1190 2979 ¹

127 3031 382 3121 ἀπροσδοκήτου
416 3037 456 3123 τῇ
485 3032 580 3117 πόλει
610 3039 831 3126 συμμίξαντες
861 3031 968 3114 εὐθύς
988 3039 1099 3122 ἔργον

133 3150 276 3204 κιωνται,

83 3238 118 3287 30
135 3228 321 3301 ffluLxxl.
363 3230 577 3321 Ἀφικόμενοί
599 3262 635 3304 τε
657 3240 752 3322 μέχρι
781 3232 935 3305 Τύσκλου
959 3232 1098 3323 πόλεως,

134 3327 345 3411 κληρυτες
312 3358 371 3399 τον
388 3341 568 3419 περίβολον
585 3361 644 3421 της
656 3333 780 3422 Ραύμης
803 3336 884 3406 ολον
901 3333 1100 3423 πληθύοντα
1183 3363 1190 3420 ,ζ

136 3425 262 3502 Σεξτοτ
272 3432 329 3563 κμὶ
339 3426 406 3559 χτρὸ
420 3434 488 3498 τῶν
501 3436 620 3501 πυλῶν
632 3436 790 3523 τέτταρας
802 3438 1099 3529 ἐξεστρατευμένας
1188 3443 1189 3478 ί
