2384 3850
109 99 142 140 ,ι
451 107 494 119 -
537 73 565 132 Z
609 103 650 115 -
998 71 1040 134 99

18 256 61 319 ,ει
70 241 235 328 ’ἀζεύκτων
250 248 366 314 ’ίππωυ
385 247 511 332 ἐγίνετο
530 241 668 334 δρόμος,
695 241 739 324 ὡς
757 241 836 336 παρ’
848 242 984 334 ΙἘλλησι
1001 245 1038 316 τὸ

70 341 209 436 ἀρχαῖον
221 342 420 434 Ὀλυμπιάσι
443 372 479 414 τε
502 347 557 414 καὶ
581 348 676 434 μέχρι
699 349 759 416 τοῦ
782 344 954 436 παρόντος.
1000 351 1038 417 ἐν

19 447 110 516 θεδὲ
139 461 211 527 ταῖς
238 452 390 528 ίππικαῖς
419 444 572 535 ἁμίλλαις
603 445 849 536 ἐπιτηδεύματα
878 445 940 518 δύο
969 452 1037 518 τῶν

69 545 163 618 πάνυ
186 551 339 619 παλαιῶν
361 546 406 628 ὡς
430 551 463 631 ἐξ
487 544 591 638 ἀρχής
616 546 848 637 ἐνομοθετήθη
870 547 1038 637 φνλαττός
1176 623 1177 640 ,

68 677 157 738 μενα
184 644 250 720 ύπὸ
270 644 439 739 Ῥωμαίων
469 653 564 740 μέχρι
591 653 660 720 τοδυ
689 648 760 720 κατ’
795 653 852 774 ἐμὲ
875 648 1037 775 διάκειται
1072 663 1088 714 5
1176 663 1177 736 ξ

68 748 213 841 χρόνων,
226 748 264 821 τό
277 778 313 821 τε
326 748 457 839 περὶ
420 779 460 820 τα
476 759 626 842 τρίπωλα
643 757 712 822 τάν
729 749 902 842 ἁρμάτων,
921 748 939 821 6
954 745 1177 843 παρ’

59 850 198 940 Ελλησι
221 881 284 941 μεν
308 849 559 940 ἐκλέλοιπευ,’
539 870 680 944 αρχαῖον
696 849 736 924 όν
755 851 959 942 ἐπιτήδευμα
983 855 1039 922 καὶ

68 950 271 1046 ήρωικόυ,
259 981 285 1023 ω
304 971 395 1025 ποιεῖ
409 952 487 1036 τούς
497 952 662 1044 Ἕλληνας
672 952 813 1045 Ομηρος
833 958 869 1024 ἐν
886 971 957 1037 ταῖς
975 951 1040 1078 66-

67 1083 145 1144 χαις
169 1057 376 1144 χρωμένους
412 1057 509 1126 δυσί
514 1054 578 1148 γάρ
608 1061 721 1139 ἵπποις
745 1054 1017 1146 ἐζευγμένοις,“
998 1085 1039 1126 ου

67 1154 196 1247 τρόπον
210 1156 386 1245 ζεύγνυται
399 1168 556 1249 συνωρίς,
576 1164 686 1246 τρίτος
700 1166 880 1250 παρείπετο
894 1174 1040 1249 σειραῖος
1060 1181 1093 1242 ιο

66 1262 172 1338 ἰ’ππος
186 1261 305 1349 ῥυτῆρι
323 1258 562 1350 συνεχόμενος,
581 1256 622 1330 66
636 1256 774 1330 ἀπὸτοῦ
793 1265 1042 1351 παρῃωρῆσθαί

67 1386 104 1429 τε
123 1360 180 1428 καὶ
201 1359 246 1448 μή
259 1363 479 1485 συνεζεῦχθαι
497 1359 669 1453 παρήορον
688 1359 831 1431 ἐκάλουν
844 1367 879 1444 οί
889 1368 1027 1431 παλαιοί
1031 1380 1038 1392 ·

17 1463 188 1547 ,θειότερον
213 1462 249 1530 δὲ
278 1460 357 1552 παρ’
390 1458 518 1550 ὀλίγαις
546 1469 593 1531 ἐτι
622 1459 874 1550 φυλαττόμενον
901 1461 1040 1532 πόλεσιν

68 1592 313 1752 εμβεβηκότωύ
336 1680 404 1746 τοῖς
428 1661 554 1753 ἀρμασι
578 1636 709 1754 δρόμος,
755 1659 836 1733 ὅταν
861 1660 924 1754 γάρ
948 1667 1040 1746 τέλος
1060 1686 1092 1736 15

68 1769 110 1833 αί
124 1767 193 1833 τῶν
211 1767 340 1835 ίππέων
356 1763 491 1854 ἅμιλλαι
509 1763 696 1853 λάβωνται,
720 1761 994 1853 ἀποπηδωυτες’
975 1764 1040 1835 απὸ

68 1869 140 1936 των
157 1859 314 1956 ἀρμάτων
336 1871 372 1937 οί
386 1865 629 1958 παροχούμενοι
652 1884 721 1950 τοῖς
745 1864 907 1959 ἡνιόχοις,
932 1863 990 1950 οὓς
1008 1873 1043 1937 oc

67 1969 205 2054 ποιηταὶ
222 1968 284 2056 μέν
301 1969 515 2057 παραβάτας,
528 1966 704 2057 Ἀθηναῖοι
723 1970 761 2039 δὲ
778 1972 939 2040 καλούσιυ
957 1968 1041 2063 ἀπο-

66 2067 191 2156 βάτας,
208 2066 268 2139 τόν
286 2075 460 2141 σταδιαῖον
477 2065 682 2160 άμιλλοὸυται
701 2069 827 2162 δρόμον
845 2068 939 2141 αύτοὶ
958 2068 1040 2162 πρός

67 2168 245 2259 ἀλλήλους,
278 2174 506 2242 τελεσθέντων
525 2172 562 2241 δέ
579 2177 648 2243 των
667 2177 813 2242 ίππικων
832 2170 967 2261 δρόμων
974 2226 984 2259 ,
1008 2177 1043 2241 οί
1058 2196 1093 2245 20

66 2286 141 2352 τοῖς
167 2273 297 2343 έαντωυ
327 2271 478 2362 σάμασιν
506 2268 743 2362 ἀγωνιζόμενοι
774 2271 848 2341 τότε
882 2271 1041 2362 εἰσῄεσαν

17 2378 208 2462 οοδρομεῖς
239 2403 275 2444 τε
304 2375 359 2443 καὶ
395 2372 518 2465 πύκται
549 2376 607 2442 καὶ
637 2380 825 2461 παλαισταί.
871 2379 946 2462 τρία
977 2370 1040 2495 γάρ

66 2471 251 2562 ἀθλήματα
274 2472 363 2566 παρά
387 2492 457 2556 τοῖς
474 2473 625 2564 ἀρχαίοις
642 2472 777 2563 Ἕλλησι
794 2472 889 2544 ταῦτ’
910 2464 970 2563 ήυ,
996 2468 1041 2555 άς
1144 2502 1146 2507 ·

57 2574 207 2666 ’Όμηρος
231 2577 284 2646 ἐπὶ
309 2580 350 2667 66
367 2576 567 2664 Πατρόκλου
593 2581 691 2663 δηλοῖ
711 2579 811 2665 ταφή.
858 2579 894 2647 ἐν
913 2577 950 2647 δὲ
973 2591 1042 2658 τοῖς

67 2677 129 2748 διὰ·
152 2679 255 2765 μέσον
284 2682 352 2747 τῶν
374 2675 579 2768 ἀθλημάτων
608 2675 739 2767 χρόνοις
760 2672 1041 2767 Ἑλληνικώτατον
1058 2701 1093 2751 ιο
1176 2744 1177 2747 ,

67 2810 128 2850 και
146 2777 323 2870 κράτιστον
340 2774 499 2852 ἀπάντων
523 2783 615 2849 ἐθῶν
633 2778 892 2911 ἀπεδείκνυντο,
917 2802 1041 2868 στεφα-

68 2880 193 2961 νώσεις
210 2876 303 2950 καῖ’
283 2878 485 2971 αυαρρήσεις
502 2878 697 2971 ποιούμενοι
720 2885 825 2971 τιμῶν
850 2876 903 2962 αἷς
922 2883 1043 2969 ἐτίμων

66 2980 150 3064 τούς
169 3010 298 3053 εαυτων
317 2978 548 3071 εύεργέτας,’
524 3011 569 3064 ως
580 2977 763 3072 Ἀθήνησιυ
782 2984 819 3052 ἐν
835 2994 1041 3063 ταῖςΔιονυ-

68 3100 204 3165 σιακαῖς
228 3087 354 3173 ἐγίνετο
380 3092 534 3173 θυσίαις,
567 3086 624 3154 καὶ
648 3082 784 3154 σκύλων
806 3081 896 3153 όσωυ
921 3086 956 3153 ἐκ
979 3110 1039 3153 πο-

68 3190 184 3276 λέμων
202 3184 337 3274 λάβοιεν
357 3189 533 3269 ἐπιδείξεις
551 3201 621 3267 τοῖς
640 3193 686 3267 είς
704 3186 791 3255 θέαν
810 3183 1041 3273 σουεληλνθό-
1060 3205 1094 3254 30

68 3312 138 3359 σιν.
181 3282 264 3357 ἀλλά
283 3286 346 3377 γὰρ
364 3282 451 3376 ὑπὲρ
469 3288 531 3377 μέυ
547 3285 676 3357 τούτων
700 3283 777 3357 οὔτε
795 3290 927 3375 μηθένα
945 3284 1042 3371 ποιή-

69 3400 199 3461 σασθαι
213 3387 312 3478 λόγον
323 3385 528 3477 ἀπαιτούσης
541 3393 599 3475 τῆς
613 3386 806 3468 ὑποθέσεως
819 3390 926 3467 καλῶς
940 3386 1040 3474 εἶχεν,

843 3498 886 3559 7*
