2384 3850
177 81 239 143 192
558 80 764 141 -H-

177 264 292 345 φιλεῖν
308 255 364 325 καί
383 251 500 338 σοι’ζειν
516 250 553 323 τό
569 250 765 342 δημοτικόν·
780 255 841 322 ,καὶ
855 256 959 322 ταῦτα
974 257 1038 341 ἔφη
1053 246 1137 337 ποιή-

180 379 254 428 σειν
284 351 346 477 066
370 362 417 437 είς
447 351 588 478 μακρόν.
633 352 793 436 διαλύσας
819 355 856 424 66
879 352 941 441 τὴν
966 357 1136 442 ἐκκλησίαν

180 459 238 528 καὶ
266 454 389 548 χρόνον
424 451 555 527 0666’
524 472 712 581 ακαριαίρν
742 454 907 526 διαλιπών
936 458 978 546 τῇ
1007 452 1137 525 κατόπιν

178 554 285 651 ἡμέρα
303 557 481 629 συνεκάλει
498 556 560 646 τὴν
577 554 757 646 βουλὴνί
724 586 740 628 ε
756 588 772 639 ς
788 586 826 628 το
816 554 1021 647 συνέδριον
1037 552 1137 645 ὀρθὴν

143 662 235 733 οκαὶ
259 687 321 751 ιιερ
324 666 447 749 ίφοβον
470 649 576 730 οὖσαν
607 661 660 729 ἐπὶ
683 675 752 741 τοις
777 664 934 748 ῥηθεῖσιν
955 654 1017 730 ὑπ’
1042 655 1136 779 αότρῦ

179 759 305 850 λόγοις
333 762 389 830 καλ
412 763 494 849 πρὶν
519 762 634 852 ἑτέρου
653 759 743 843 τινός
767 757 935 851 ἄρξασθαι
959 755 1063 848 λόγου
1084 754 1136 884 τὴγ

179 860 369 953 ἆιιόρρητον
387 866 425 933 ἐν
439 891 488 956 τω
476 859 602 956 δήμω
619 870 854 951 φυλαχθεῖσαν
872 858 1011 951 γυιόμην
1026 866 1074 941 είς
1090 862 1136 949 με’-

179 986 241 1035 σου
258 971 397 1055 ἔφερεν,
421 961 525 1047 ίιξιῶν
541 962 620 1043 τοὺς
645 960 846 1052 βουλευτάς,
870 960 986 1051 ἐπειδὴ
1004 959 1107 1033 πολλὰ
1122 958 1136 1028 6

181 1069 284 1155 δῆμος
301 1069 342 1153 τῇ
359 1064 454 1135 πόλει
471 1061 629 1155 χρήσιμος
646 1067 764 1153 γε’γονε
785 1064 906 1155 τόιμδν
920 1072 969 1146 είς
980 1061 1043 1153 τὴν
1057 1067 1137 1134 ἐλευ-

130 1190 162 1238 10
179 1173 302 1288 θερίαν
331 1194 372 1235 τα
396 1163 489 1236 δ
457 1173 505 1248 είς
533 1164 570 1237 τό
595 1164 763 1257 ἑτίρων”
742 1194 857 1257 αρχειυ
884 1163 1135 1254 συλλαβόμενος,

179 1266 343 1358 πρόνοιαν
362 1263 465 1338 αὐτοῦ
483 1266 700 1356 ποιήσασθαι,
717 1266 781 1357 τήν
794 1297 830 1339 τε
847 1266 960 1358 χώραν
977 1263 1068 1390 αὐτῷ
1080 1273 1138 1336 νεί-

180 1398 305 1459 μαντας
328 1367 390 1458 ὅση
407 1372 540 1488 πολέμῳ
558 1380 766 1457 κρατηθεῖσα
790 1368 877 1462 λόγω
900 1398 964 1501 μεν
986 1359 1030 1457 ἦν
1045 1338 1137 1457 δημο

180 1479 253 1560 σία,
279 1477 367 1565 ἔργῳ
391 1471 429 1541 δὲ
451 1475 521 1542 τόν
542 1466 792 1541 ἀναιδεστάτων
810 1499 846 1541 τε
864 1473 920 1541 καὶ
943 1468 1010 1541 σὺν
1032 1466 1137 1539 οὐδενὶ

181 1580 300 1666 δικαίῳ
324 1570 575 1662 κατεσχηκότων
604 1579 741 1662 πατρικί
741 1601 804 1660 ων,
838 1575 957 1642 καὶ
917 1600 977 1660 της
999 1568 1065 1641 666
1088 1570 1137 1641 Γί-

131 1694 163 1743 ισ
181 1684 285 1755 λωνος
303 1678 364 1745 τοῦ
376 1681 534 1756 Σικελίας
551 1668 721 1765 τυράννου
739 1681 951 1763 πεμφθείσης
967 1679 1066 1762 σφίσι
1084 1678 1137 1743 δω-

180 1778 258 1898 6669
276 1778 420 1863 σιτικῆς,
439 1770 484 1863 ἣν
500 1790 623 1896 προῖκα
643 1776 698 1845 δίο
681 1804 720 1846 ον
730 1772 885 1857 ἅπαντας
910 1781 1137 1865 διανείμασθαι

180 1874 258 1957 τούς
274 1873 459 1959 πολίτας’
435 1874 569 1967 ωνητην
588 1874 830 2008 666666606‘
795 1906 827 1948 οι
844 1880 1001 1968 πένητες,
1026 1873 1137 1949 ἀκοδο-

180 1981 286 2102 θῆναι
301 1975 361 2057 τὰς
378 1976 474 2066 τιμὰς
490 1993 560 2058 τοῖς
579 1975 806 2070 ὠνησαμένοις
825 1969 904 2063 ἐξ
877 2009 924 2050 ων
943 1980 1011 2070 εἶχε
1029 1979 1065 2049 τό
1078 2007 1137 2048 κοι-

181 2078 246 2148 νόν
263 2075 448 2168 χρημάτων.

129 2199 164 2247 20
258 2179 374 2250 LXXI.
402 2177 522 2261 Εόθῦς
544 2211 607 2271 μεν
629 2172 692 2253 οὖν
713 2190 761 2253 ἔτι
784 2185 939 2270 λέγοντος
963 2179 1068 2253 αὐτου
1055 2178 1137 2252 θό-

181 2288 284 2372 ρυβος
302 2273 345 2372 ἦν
362 2281 484 2371 πολύς,
509 2278 709 2373 ἀχθομένων
731 2282 963 2357 ἁπάντωνκαὶ
986 2281 1048 2374 οὐχ
1063 2282 1168 2352 ὑπο-ιε

181 2383 353 2473 μενόντων
381 2383 440 2456 τόν
468 2383 578 2473 λόγον.
633 2382 750 2474 ἐπειδη
782 2387 818 2456 66
851 2383 1037 2473 ἐπαίσατο,
1068 2381 1085 2455 6
1110 2411 1138 2452 ιε

182 2485 373 2609 συνόιιατρς
385 2485 492 2562 αὐτοῦ,
505 2478 700 2610 Οὐεργίνιος
718 2486 846 2576 πολλὴν
860 2484 1037 2610 ἐτοιιχσατο
1050 2513 1139 2573 κατη·

181 2596 302 2677 γορίαν
325 2585 369 2668 ὡς
392 2585 511 2658 στάσιν
535 2586 741 2676 είσοίγοντος,
769 2591 915 2660 καὶτῶν
938 2586 1051 2662 ἄλλων
1068 2595 1139 2675 βου-

131 2711 165 2760 εσ
183 2691 351 2758 λευτωνο
354 2687 612 2777 ίπρεσβόιατοί
632 2693 748 2760 τεκαὶ
771 2689 978 2814 τιμιώτατοι,
1008 2688 1138 2814 66666

183 2785 239 2878 δὲ’
237 2786 370 2869 'Animos
388 2786 574 2872 Κλαόδιος
593 2794 650 2862 καὶ
667 2795 763 2882 μέχρι
780 2791 951 2881 πολλης“
924 2798 1013 2882 ωρας
1030 2788 1138 2881 ἠγριω-

181 2892 277 2978 μένοι
299 2917 335 2960 τε
353 2893 408 2960 καὶ
431 2920 471 2961 τα
460 2887 609 2980 ἔσχατα
627 2889 701 2962 κατ’
728 2891 885 2980 ίιλλήλων
902 2889 1019 3022 όνείδη
1037 2895 1137 3016 66606·

181 3020 235 3072 τες
251 2981 344 3063 οὗτοι
362 2995 561 3067 διετέλεσαν.
595 3011 666 3075 ταῖς
686 2995 723 3064 66
741 2993 881 3066 κατόπιν
898 2990 1036 3086 ἡμέραις
1052 2989 1069 3063 6
1085 2992 1138 3082 μὲν

182 3091 330 3175 Κάσσιος
355 3099 531 3184 ἐκκλησίας
549 3105 703 3218 σύγεχεῐς
720 3094 919 3186 ποιούμενος
944 3089 1137 3186 ἐξεδημαγώ-

131 3215 166 3263 30
182 3220 235 3282 γει
251 3191 289 3262 τό
295 3197 455 3283 πλῆθος,
465 3198 522 3265 καὶ
540 3195 620 3276 τούς
637 3194 782 3288 ὑπὲρ
742 3226 801 3286 της
818 3205 1018 3290 κληρουχίας
1030 3193 1137 3286 λόγους

185 3294 364 3385 εἰςίφερε,
359 3298 439 3387 κἀλ
463 3293 567 3377 ιιολός
595 3287 639 3385 66
669 3301 715 3369 ἐν
732 3315 805 3380 ταῖς
840 3303 1053 3390 κατηγορίαις
1080 3298 1137 3368 τόν

183 3391 481 3490 ἀντιτιραττόντωυ.
518 3392 536 3467 6
561 3395 591 3466 δ’
617 3396 814 3487 Οὐεργίνιος
836 3397 899 3489 την
922 3399 1051 3490 βουλὴν
1071 3398 1137 3483 ὁση-
