2384 3850
571 42 769 103 ,3.-

186 248 259 308 ρας,
294 221 409 306 ἕτερον
443 214 686 288 ἀποδείκνυσιν
721 213 833 303 ὥσπερ
870 211 983 296 αὐτοῖς
1004 220 1089 294 ἔθος
1114 202 1150 300 ἦν

186 316 337 408 Σπόριον
355 314 513 408 Λάρκιον.
553 314 707 398 κάκεῖνος
725 319 934 405 συγκαλέσας
951 314 1013 405 τήν
1032 324 1149 404 λοχῖτιν

188 424 368 509 ἐκκλησίαν
386 421 443 489 καλ
454 417 513 501 τάς
523 417 658 509 ψήφους
671 417 753 488 κατά
766 417 806 488 τά
818 416 984 508 τιμήματα
996 414 1148 496 ἀναδούς,
1171 498 1172 503 ¹

188 526 224 592 ἐκ
236 528 295 610 τῆς
308 518 506 611 ἀμφοτέρων
518 517 727 609 εὐδοκήσεως
738 518 981 603 ἀποδείκνυσιν
998 516 1149 602 ὑπάτους,

152 622 292 695 οΓάλον
321 620 482 712 Ἰούλιον7
503 620 562 693 τὸν
585 620 851 712 ἐπικαλούμενον
867 619 999 693 Ἴουλον
1024 623 1061 690 έκ
1090 622 1150 689 τάν

186 727 473 815 φιλοδημοτικοὶν,
499 725 555 795 καὶ
574 721 719 795 Κόιντον
739 721 869 810 Φάβιον
886 731 1063 805 Καίσωνος
1081 718 1149 791 υἱὸν
1172 788 1173 803 ,

186 825 223 897 τὸ
255 823 414 914 δεύτερον
450 828 486 895 ἐκ
519 832 587 895 τῶν
616 820 909 915 ἀριστοκρατικῶν.
963 826 1020 894 καὶ
1050 818 1069 892 ὁ
1095 820 1173 911 μὲν

188 935 290 1017 δῆμος
325 924 427 997 οὐδὲν
463 930 499 997 ἐκ
521 934 580 1015 τής
605 927 766 1017 προτέρας
789 920 951 1008 ὑπατείας
975 919 1149 995 αὐτοῦπε-

187 1025 324 1109 πονθοδς
354 1037 446 1097 εἴασε
469 1046 586 1117 τυχεῖν
609 1026 730 1117 ταύτης
754 1034 812 1117 τῆς
836 1030 986 1111 ἐξουσίας
1010 1023 1048 1095 τὸ
1079 1021 1149 1093 δεύ-

138 1154 169 1200 10
187 1156 296 1219 τερον,
319 1134 427 1216 μισῶν
450 1126 664 1201 τόν”Αππιον
681 1131 738 1199 καὶ
755 1126 806 1199 ὅτι
825 1132 951 1212 ἐκεῖνος
969 1124 1148 1217 άτιμασδή-
1173 1146 1174 1167 1

186 1260 244 1299 ναι
263 1226 372 1298 ἐδόκει
390 1226 523 1322 σφόδρα
540 1228 719 1321 ἡδόμενος·
734 1248 803 1313 τοις
823 1226 856 1299 δ’
878 1234 914 1302 έν
931 1232 1019 1301 τέλει
1038 1234 1148 1298 διαπε-

187 1331 388 1421 πραγμένοις
413 1330 618 1423 δραστήρων
640 1329 749 1423 ἀνδρα
766 1333 822 1403 καὶ
841 1329 947 1402 οὐδὲν
968 1327 1148 1402 ἐνδώσοντα

185 1440 231 1527 τῷ
252 1430 513 1524 δήμωμαλακόν
531 1436 585 1504 ἐπὶ
603 1432 664 1524 τήν
680 1432 845 1504 ὑπατείαν
862 1442 1061 1525 παρελθεῖν,
1075 1428 1148 1501 κατά
1174 1444 1175 1461 ²

187 1533 325 1625 γνάμην
343 1532 451 1605 ἐδόκει
470 1532 750 1625 κεχωρηκέναι
713 1564 753 1605 τα
770 1542 828 1623 τής
847 1540 1066 1653 διχοστασίας.

137 1660 168 1707 15
263 1635 445 1706 LXXXXI.
476 1632 547 1707 Ἐπλ
541 1644 631 1761 ’,τῆς
651 1633 781 1708 τούτων
803 1633 905 1728 άρχής
928 1638 1070 1707 Αίκανοι
1094 1634 1166 1723 μὲν1

188 1738 283 1821 είς
248 1768 310 1827 την
327 1746 486 1811 Λατίνων
503 1736 616 1828 χάραν
634 1736 833 1828 ἐμβαλόντες
844 1734 1023 1827 ἀπήλασαν
1035 1733 1176 1826 ἀνδρα·1

188 1846 276 1910 ποδα
300 1841 357 1909 καὶ
380 1837 574 1930 βοσκήματα
599 1838 705 1909 πολλὰ
723 1846 883 1964 ληστρική
903 1837 1016 1936 ἐφόδῳ
1034 1834 1146 1930 χρησά-

187 1961 295 2028 μενοι
335 1947 519 2062 Τυρρηνων
537 1941 628 2010 δέ
593 1969 625 2010 οι
650 1939 850 2032 καλούμενοι
875 1937 1131 2014 Οὐιεντανοὶ
1096 1967 1146 2027 της

183 2038 352 2130 Ῥωμαίων
373 2048 435 2130 γῆς
459 2038 586 2130 πολλὴν
608 2037 775 2132 ήδίκησαν
803 2061 996 2136 προνομαῖς.
1038 2047 1092 2131 τῆς
1114 2040 1177 2110 δε

136 2165 169 2212 20
187 2145 310 2232 βουλῆς
340 2139 399 2214 τὸν
426 2171 488 2232 μεν
515 2139 599 2232 πρύς
618 2143 787 2228 Αἰκανούς
809 2142 956 2237 πόλεμον
977 2149 1062 2228 ecs*
1044 2171 1146 2232 ετερον

186 2239 437 2335 ἀναβαλομένης
459 2242 599 2336 χρόνον,
634 2243 725 2336 παρά
751 2247 788 2317 δὲ
814 2243 1033 2319 Οὐιεντανῶν
1060 2252 1145 2323 δίκας

186 2353 292 2418 αίτεῑν
316 2351 644 2438 ψηφισαμένης,Αί
596 2350 739 2418 Αίκανολ
762 2348 824 2438 μὲν
848 2348 963 2438 ἐπειδὴ
986 2345 1027 2419 τά
1042 2351 1146 2432 πρῶτα

186 2444 298 2532 αὐτοῖς
315 2447 399 2519 κατά
419 2453 502 2520 νούν
527 2447 690 2539 ἐχάρησε,
727 2452 783 2520 καὶ
805 2448 924 2532 οὐδεὶς
952 2447 970 2520 ὁ
993 2447 1145 2521 κωλύσων

185 2546 225 2618 τά
256 2549 354 2621 λοιπά
385 2553 557 2640 ἐφαίνετο,
592 2548 715 2640 θράσει
747 2554 948 2643 ἐπαρθέντες
978 2547 1143 2641 ἀλογίστῳ,

135 2671 169 2718 25
187 2649 367 2740 ληστρικήν
384 2652 447 2739 μὲν
464 2649 576 2722 οὐκέτι
593 2660 772 2743 στρατείαν
796 2659 948 2742 ἔγνωσαν
971 2663 1142 2729 ποιεῖσθαι,

188 2749 385 2839 δυνάμειδέ
402 2759 522 2844 βαρείᾳ
536 2751 713 2837 ἐλάσαντες
729 2756 783 2825 ἐπὶ
796 2751 914 2826 πόλιν’
920 2748 1142 2844 Ορτωνακατιι

186 2849 304 2942 κράτος
322 2858 469 2977 αίρούσι
497 2855 553 2923 καλ
569 2854 812 2946 διαρπάσαντες
835 2854 876 2926 τά
898 2885 934 2928 τε
958 2859 1053 2926 ἐκ
1013 2884 1068 2978 της
1084 2847 1169 2976 χοί-
1149 2858 1177 2906 111

186 2983 245 3044 ρας
263 2951 372 3026 καλ
336 2984 376 3025 τα
386 2959 442 3045 τῆς
454 2951 611 3038 πόλεως’
593 2954 747 3048 απήεσαν
760 2956 923 3049 εὐπορίαν
935 2952 1063 3045 πολλήν
1074 2951 1140 3042 ἀγά-

185 3082 288 3143 μενοι.
323 3054 522 3127 Οὐιεντανοὶ
532 3057 661 3149 δὲπρὸς
674 3057 750 3142 τούς
764 3055 829 3130 ἀπὸ
844 3062 901 3148 τῆς
916 3053 1038 3150 Ῥώμης
1055 3055 1138 3148 ήκον·

135 3178 167 3225 30
185 3184 242 3237 τας
259 3154 531 3248 ἀποκρινάμενοι,
545 3155 596 3229 ὅτι
610 3159 672 3232 οὐκ
686 3159 773 3244 ἐξ’
733 3189 845 3233 οντων
859 3173 975 3250 είησαν
990 3165 1024 3232 οἱ
1033 3184 1137 3250 προνο-

185 3253 343 3344 μεύοντες
359 3250 422 3344 τήν
436 3256 567 3380 χώραν,
584 3251 661 3330 ἀλλ’
682 3264 717 3330 ἐκ
734 3267 802 3332 τάν
820 3260 933 3333 ἀλλων
955 3261 1136 3352 Τυρρηνόν,

185 3353 358 3424 ἀπέλυσαν
388 3353 465 3437 τούς
494 3354 620 3445 ἀνδρας
651 3357 758 3431 οὐδὲν
780 3367 848 3434 τῶν
884 3369 1025 3434 δικαίων
1058 3354 1136 3444 ποιή-
