2384 3850
127 43 194 108 280
506 40 703 101 -Θ-

123 214 251 306 Ῥάμηυ
280 211 497 285 ἀποστέλλειν
526 210 605 296 τούς
635 213 890 303 διαλεξομένους
918 217 960 304 τῇ
989 217 1113 304 βουλῇ

128 320 297 410 περὶτῶν
325 313 531 404 διαλύσεων,
563 316 798 396 ἐπαινέσαντες
825 319 932 386 ταῦτα
960 317 1020 386 καὶ
1048 314 1112 386 διά
1177 310 1178 315 ¹

128 415 316 509 ταχέων’
278 446 316 488 το
333 445 369 488 τε
395 412 545 501 ὀψάνιον
569 419 611 508 τῇ
633 421 772 508 στρατιᾷ
797 415 911 488 καί
877 446 914 487 το
939 416 1018 488 ἀντὶ
1043 423 1111 488 τοῦ

129 529 224 592 σίτου
248 516 512 644 συγχωρηθέν“
493 517 560 593 νιτὸ
582 546 643 588 του
628 524 819 589 Μαλλίου
843 517 1111 608 κατενεγκόντος
1177 570 1178 573 ¹

96 620 303 746 τάργύριον,
322 610 405 711 ἧκον
423 627 470 704 είς
487 617 549 710 τὴν
562 615 705 709 Ῥόμην
729 623 786 690 καί
803 619 1029 704 καταστάντες
1049 624 1111 691 έπι
1177 626 1178 629 ’

129 724 191 814 την
221 721 349 814 βουλὴν
376 721 575 813 συγγνώμης
606 723 662 793 ἐπὶ
692 738 762 804 τοῖς
799 721 953 812 γεγονόσι
983 739 1109 813 τυχεῖν
1177 730 1178 733 ’

129 823 263 918 ἠξίουν,
289 828 346 896 καὶ
370 831 417 907 είς
440 821 500 896 τόν
528 822 658 923 λοιπόν,
674 821 797 915 χρόνον
822 823 1017 914 ἇπαλλαγῆς
1042 828 1109 896 τού

129 933 285 1018 πολέμου.
306 931 439 998 πολλάν
458 925 497 996 δέ
514 928 705 1017 λεχθέντων
718 932 765 1006 είς
778 925 950 1017 ἀμφότερα
962 925 1003 997 τά
1014 928 1108 1016 μέρη

133 1029 255 1118 λόγων,
276 1031 431 1116 ἐνίκησεν
446 1026 469 1116 6
487 1031 697 1100 σπένδεσθαι
710 1030 923 1117 παραινοῦσα
940 1027 1002 1099 τὸν
1017 1025 1107 1119 πρός

80 1158 112 1206 10
131 1127 254 1211 αὐτούς
272 1126 418 1218 πόλεμον
434 1127 568 1220 γνώμη,
592 1135 748 1220 γίνονταί
768 1126 801 1200 τ’
819 1127 939 1219 άνοχαλ
962 1132 1026 1200 τού
1044 1155 1106 1200 πο·
1177 1196 1178 1205 ,

131 1233 233 1322 λέμου
255 1227 338 1322 πρὸς
363 1225 486 1312 αὐτούς
508 1247 852 1322 τεσσαρακονταετεῖς.
888 1235 945 1302 καί
975 1237 1011 1302 οί
1040 1231 1106 1322 μὲν

130 1332 296 1424 ἀπῄεσαν,
314 1331 439 1416 πολλάς
456 1336 497 1424 τῇ
515 1331 610 1404 πόλει
628 1337 685 1423 τῆς
703 1332 839 1422 εἰρήνης
856 1331 992 1424 χάριτας
1010 1332 1106 1404 είδό-

130 1455 198 1518 τες·
218 1429 236 1505 ὁ
256 1435 294 1506 δέ
311 1432 465 1516 Μάλλιος
483 1433 685 1525 ἀφικόμενος
696 1442 752 1516 ,είς
769 1435 832 1524 τὴν
849 1434 966 1524 πόλιν,
985 1437 1042 1505 ἐπὶ
1060 1440 1104 1526 τῇ

95 1529 97 1539 “
130 1535 310 1608 καταλύσει
327 1540 388 1608 τού
405 1539 551 1625 πολέμου
568 1533 628 1607 τόν
645 1535 746 1622 πεζὸν
761 1545 937 1628 θρίαμβον
958 1535 1105 1627 αίτησά-
1177 1550 1179 1601 λ

81 1664 113 1714 15
131 1668 241 1729 μενος,
261 1646 390 1728 ἔλαβεν.
412 1642 541 1728 ἐγένετο
559 1638 598 1708 δέ
615 1640 671 1709 καί
688 1649 819 1728 τίμησις
834 1641 888 1710 ἐπὶ
901 1645 959 1729 τῆς
971 1637 1104 1709 τούτων

131 1737 251 1832 ἀρχῆς,
283 1742 338 1810 καί
369 1730 457 1828 ἦσαν
485 1745 521 1810 οί
548 1738 765 1830 τιμησάμενοι
792 1749 925 1812 πολῖται
951 1742 1041 1830 σφοῖς
1067 1769 1105 1811 τε
1115 1750 1170 1800 1844

132 1839 253 1924 αύτούς
272 1844 328 1912 καί
345 1838 496 1934 χρήματα
518 1845 575 1913 καί
597 1841 677 1925 τούς
700 1846 737 1912 έν
759 1838 828 1933 ἥβη
850 1849 974 1927 παῖδας
998 1837 1103 1938 ὀλίγῳ

131 1952 270 2024 πλείους
283 1952 477 2034 τρισχιλίων
489 1971 525 2013 τε
540 1946 595 2013 καὶ
611 1946 692 2015 δέκα
708 1944 895 2037 μυριάδων.

208 2043 378 2113 XXXVII.
399 2050 444 2115 Οί
459 2046 497 2117 δέ
513 2044 595 2135 μετά
613 2044 752 2129 τούτους
770 2044 1023 2139 παραλαβόντες
1041 2045 1103 2136 τὴν

81 2173 115 2222 20
131 2145 261 2219 ύπατον
278 2144 397 2238 ἀρχήν,
410 2144 553 2229 Λεύκιος
567 2155 723 2238 Αίμίλιος
730 2146 912 2239 Μάμερκος
924 2148 962 2219 τὸ
975 2155 1101 2238 τρίτον,

131 2250 189 2319 καὶ
210 2245 398 2331 Οὐοπίσκος
413 2244 559 2335 Ἰούλιος,
579 2251 633 2321 ἐπὶ
645 2254 703 2340 τῆς
721 2241 865 2340 ἑβδόμης
883 2252 939 2320 καὶ
957 2253 1103 2340 ἕβδομη-
1177 2310 1179 2324 ι

131 2355 251 2441 κοστης
273 2348 497 2442 ὀλυμπιάδος,
528 2346 571 2441 ἣν
597 2354 692 2422 ε’νίκα
714 2350 853 2423 στάδιον
876 2350 1012 2439 Δάντης
1027 2347 1102 2442 Ἀρ

132 2470 238 2541 γεῖος,
272 2449 434 2543 Ἀθήνησι
471 2454 508 2523 δὲ
542 2449 701 2578 άρχοντος
735 2451 903 2544 Χάρητος,
940 2458 1101 2524 έπίπουον

132 2551 264 2645 σφόδρα
282 2557 337 2625 καί
350 2552 527 2679 ταραχαίδη
546 2553 608 2643 τὴν
621 2550 727 2645 άρχὴν
741 2556 942 2643 διετέλεσαν,
962 2552 1101 2644 είρηνην
1177 2565 1179 2575 ¹

81 2677 114 2727 τε
132 2652 240 2745 μέν”
218 2682 356 2742 αγουτες
379 2654 445 2747 άπὸ
469 2658 539 2728 τῶν
564 2660 693 2739 έξωθευ
716 2658 886 2746 πολέμων
915 2661 953 2728 έν
976 2651 1099 2749 ἡσυχίᾳ

132 2754 195 2879 γάρ
214 2746 257 2842 ἦν
274 2754 384 2826 πάντα
401 2786 441 2826 τα
430 2754 623 2849 διάφορα
650 2756 717 2829 ὑπο
706 2754 839 2828 δέ
791 2786 859 2829 των
878 2760 980 2828 έν
937 2786 980 2849 τη
1004 2756 1098 2829 πόλει

132 2855 284 2929 στάσεων
307 2855 406 2930 αύτοί
430 2886 466 2929 τε
499 2866 544 2940 είς
567 2858 751 2941 κινδύνους
775 2857 936 2949 ἀχθέντες
959 2856 1074 2929 καί
1039 2888 1098 2947 την

131 2958 230 3030 πόλιν
239 2958 356 3049 ὀλίγον
371 2958 552 3049 δεήσαντες
565 2958 735 3032 ἀπολέσαι.
752 2990 797 3043 ως
809 2960 874 3053 γάρ
887 2956 1097 3032 ἀνεπαύσατο

131 3064 200 3130 τῶν
219 3065 401 3151 στρατειῶν
418 3060 457 3133 τό
475 3066 622 3152 πλῆθος,
648 3065 702 3133 ε’πὶ
720 3064 783 3151 τὴν
801 3059 967 3153 διανομὴν
993 3057 1098 3143 εύθύς

80 3182 115 3233 εν
133 3156 266 3251 ὥρμησε
277 3165 345 3232 τοῖν
358 3160 561 3252 δημοσίων’
541 3167 663 3255 αγρων.
681 3193 726 3252 ην
742 3163 807 3254 γάρ
819 3193 871 3246 τις
884 3169 921 3235 έν
933 3179 1003 3245 τοῖς
1017 3167 1099 3253 δημ-

133 3259 246 3351 άρχοις
265 3261 396 3353 θρασύς
415 3266 471 3333 καὶ
491 3268 603 3387 λέγειν
615 3294 678 3335 ουκ
688 3261 885 3348 αδυυατος
868 3263 966 3357 ανήρ,
969 3265 1097 3345 Γναῖος
1177 3281 1178 3306 ³

134 3360 313 3450 Γενύκιος,
337 3362 355 3433 ὁ
382 3362 592 3455 παραθήγων
621 3364 678 3447 τάς
708 3364 810 3456 ὀργάς
838 3371 908 3438 τάν
936 3393 1094 3454 πενητων
1099 3383 1152 3437 1845
