2384 3850
118 270 227 333 χοντο,
246 238 322 313 οὔτε
340 239 423 311 κατά
439 238 533 323 τάξιν
550 236 629 309 οὔτε
648 241 684 308 έιι
700 238 983 326 παραγγέλματος,
1001 233 1097 307 ἀλλά

118 342 257 433 φύρδην
272 345 329 412 καί
345 340 485 432 ἀναμίξ,
503 338 588 411 ὥστε
606 339 717 411 πολύν
735 343 767 423 ἔξ
785 336 914 428 ἀμφοῖν
926 340 1097 426 γενέσθαι
1181 398 1182 401 ,

118 444 242 534 φόνον·
278 446 334 513 καί
359 451 390 515 εἰ
406 441 451 532 μή
476 442 537 524 δύς
555 437 573 512 ὃ
591 439 682 530 ἥλιος
702 448 871 531 ἔφθασεν,
899 436 1027 511 ἅπασαι
1044 434 1096 509 ἀν

118 544 232 615 αὐτῶν
249 552 288 615 αἰ
303 542 463 633 δυνάμεις
476 542 723 634 διεφθάρησαν.
741 546 783 633 τή
797 543 833 612 δὲ
847 544 945 612 νυκτί
958 539 1094 631 λυούσῃ
1182 588 1183 611 ι

85 645 156 721 ετδ
173 665 282 728 νεῖκος
300 644 453 718 ἀκούσιοι
477 650 623 729 εἰξαυτες
649 642 870 735 διεκρίθησάν
892 672 928 714 τε
946 638 1004 713 ἀπ’
1027 640 1095 712 ἀλ-
1183 688 1184 713 ι

119 748 232 838 λήλων
262 750 318 818 καὶ
341 751 396 818 έπί
418 744 496 829 τούς
521 752 630 830 ἰδίους
653 744 799 836 χάρακας
828 743 1092 834 ἀπηλλάγησαν·
1183 744 1184 803 ί

120 854 231 921 ἕωθεν
250 850 288 919 δέ
310 847 559 938 ἀναστήσαντες
583 847 641 931 τάς
661 845 821 936 δυνάμεις
839 844 991 938 ἀπῄεσαν
1009 842 1095 915 ἑκά-

120 979 209 1039 τεροι
228 954 283 1020 έπί
299 951 339 1021 τά
356 953 510 1041 σφέτερα.
555 956 591 1022 οἰ
613 951 650 1021 δὲ
671 945 793 1021 ὕπατοι
814 946 905 1039 παρά
926 975 963 1019 τε
987 944 1095 1018 αύτο-
1184 948 1185 975 ¹

71 1052 75 1058 ’
120 1050 233 1141 μόλον
250 1055 306 1121 καί
324 1050 544 1143 αἰχμαλώτων
567 1060 602 1122 οἳ
622 1048 702 1141 παρ’
729 1047 810 1122 αύτδ
832 1048 869 1121 τδ
894 1056 992 1140 ἔργον
1009 1044 1094 1119 ἀπέ-

72 1180 103 1228 10
122 1158 257 1243 δρασαν
270 1148 493 1242 ἀκούσαντες,
513 1148 568 1224 οἷα
585 1154 723 1242 κατέσχε
741 1149 850 1223 λύσσα
868 1154 923 1221 καί
940 1149 1096 1239 θεοβλά-
1185 1188 1186 1211 2

121 1262 197 1342 βειιι
219 1251 259 1323 τά
283 1256 440 1345 πολέμια,
470 1251 550 1326 ούτε
567 1257 797 1326 συνεπέθεντο
820 1257 867 1347 τῷ
892 1248 965 1323 κατ’
986 1249 1095 1342 εὐχήν

122 1358 257 1426 δοθέντι
276 1361 381 1449 καιρῷ
398 1356 575 1446 τριάκοντα
594 1362 741 1426 σταδίων
758 1352 800 1427 ού
819 1364 936 1425 πλεῖον
948 1352 1094 1443 ἀπέχον-
1186 1420 1187 1423 ,

62 1515 65 1517 .
121 1486 193 1546 τες,
224 1454 301 1527 οὔτε
331 1454 490 1541 ἀπιόντας
517 1461 659 1541 ε’δίωξαν
686 1461 722 1527 εὐ
750 1446 777 1551 ᾦ
802 1454 1008 1546 κεκμηκότας
1033 1458 1094 1525 καὶ

120 1568 324 1650 τραυματίας
341 1564 398 1629 καὶ
413 1556 548 1650 ὀλίγους
567 1562 605 1629 έκ
622 1562 756 1629 πολλῶν
774 1562 830 1629 καί
847 1554 1009 1639 ἀτάκτους
1025 1586 1092 1646 χω-
1107 1578 1174 1627 1656

72 1685 104 1734 15
122 1664 264 1749 ροῦντας
284 1659 481 1752 ἀκραιφνεῖς
504 1656 601 1731 αύτοί
615 1662 680 1731 .καί
704 1657 768 1731 σύν
792 1657 905 1753 κόσμῳ
933 1657 1094 1748 ἑπόμενοι
1188 1706 1189 1795 χ

123 1767 247 1853 ῥᾳδίως
275 1756 318 1832 ἀν
348 1764 551 1853 διέφθειραν
573 1767 731 1833 πασσυδί.
777 1759 937 1843 λύσαντες
967 1761 1005 1831 δέ
1034 1764 1094 1831 καὶ
1188 1818 1189 1857 ,

124 1860 218 1935 αὐτοὶ
242 1860 319 1946 τούς
348 1862 496 1956 χάρακας
527 1862 681 1956 ἀπῄεσαν
710 1868 757 1945 εἰς
788 1860 850 1951 τήν
876 1861 990 1934 πόλιν·
1025 1874 1093 1934 εἰτε
1188 1862 1189 1865 “

123 1962 324 2051 ἀρκούμενοι
341 1969 388 2058 τῷ
405 1964 495 2053 παρά
511 1969 570 2052 τῆς
587 1965 689 2055 τύχης
707 1968 844 2037 δοθέντι
862 1961 999 2058 ἀγαθῷ,
1026 1975 1093 2035 εἴτε

123 2061 164 2134 οὐ
182 2063 394 2146 πιστεύοντες
417 2063 595 2160 ἀνασκήτῳ
620 2070 757 2159 στρατιά
779 2074 819 2158 τῇ
838 2069 1000 2159 σφετέρᾳ,
1025 2078 1094 2138 εἰτε

71 2191 105 2239 20
123 2167 199 2253 περὶ
217 2173 343 2237 πολλοῦ
359 2165 554 2256 ποιούμενοι
576 2166 615 2238 τό
633 2169 718 2258 μηδέ
735 2165 870 2257 ὀλίγους
888 2175 956 2239 τῶν
974 2170 1095 2258 σφετέ-

123 2296 194 2358 ρων
220 2265 414 2356 ἀποβαλεῖν.
460 2267 658 2360 ἀφικόμενοι
691 2270 728 2340 δέ
757 2277 804 2352 εἰς
834 2266 896 2358 τήν
925 2267 1024 2340 πόλιν
1057 2273 1096 2341 έν

123 2366 267 2459 αἰσχύνη
284 2376 392 2461 πολλή
410 2362 498 2460 ἦσαν
517 2378 644 2454 δειλίας
664 2369 766 2454 δόξαν
790 2374 909 2466 ἐπὶτῷ
927 2379 1015 2464 ἔργῳ
1032 2399 1095 2460 φε-

123 2469 273 2560 ρόμενοι·
300 2476 356 2542 καί
373 2469 537 2562 οὐδεμίαν
555 2477 671 2558 ἔξοδον
690 2479 737 2542 ἔτι
755 2472 972 2563 ποιησάμενοι
990 2475 1095 2564 παρέ-

125 2578 231 2643 δοσαν
247 2589 316 2653 τοῖς
333 2571 412 2664 μεθ’
434 2573 572 2656 ἑαυτοὺς
590 2573 730 2656 ὑπάτοις
747 2572 809 2662 τήν
827 2570 942 2664 ἀρχήν.

74 2697 107 2746 25
201 2673 327 2742 LXllll.
351 2678 407 2766 Τῷ
424 2674 454 2745 δ’
478 2679 552 2765 ἑξής
570 2680 712 2770 έυιαντςό
726 2674 827 2759 Γάϊος
845 2677 907 2766 μέν
922 2672 1095 2758 Ἀκύλλιος

125 2774 181 2843 καὶ
209 2783 310 2855 Τῖτος
327 2781 491 2866 Σίκκιος,
505 2773 630 2867 ἀνδρες
655 2785 805 2870 ἔμπειροι
828 2779 999 2867 πολέμων,
1031 2775 1096 2866 τήν

124 2869 291 2946 ὑπατείαν
308 2875 568 2966 παρειλήφεσαν.
602 2874 623 2966 ἡ
643 2880 680 2949 δέ
698 2878 804 2967 βουλή
824 2882 1022 2970 προθέντων
1037 2879 1097 2948 λό-

125 3004 187 3064 γον
209 2980 285 3069 περὶ
318 2981 377 3047 τοῦ
407 2980 554 3068 πολέμου
581 2983 650 3068 τοῖν
677 2977 816 3052 ὑπάταν
852 2985 986 3071 πρῶτον
1011 2983 1095 3068 ἐψη-

125 3084 246 3165 φίσατο
264 3087 447 3170 πρεσβείαν
470 3082 597 3170 πέμψαι
621 3077 704 3168 πρὸς
712 3080 869 3172 Ἕρνικας
887 3079 1098 3169 αἰτήσουσαν

76 3203 109 3250 30
127 3173 171 3258 ὦς
188 3177 279 3268 παρά
302 3188 413 3268 φίλων
435 3210 471 3252 τε
494 3184 551 3251 καί
575 3180 772 3254 ἐνσπόνδων
797 3189 892 3263 δίκας
915 3188 1096 3271 νομίμους·

127 3274 265 3365 ήδίκητο
287 3278 352 3368 γάρ
375 3276 396 3368 ή
415 3281 509 3362 πόλις
525 3271 587 3352 ἀπ’
615 3279 727 3353 αὐτοῖν
751 3282 834 3354 κατά
856 3281 919 3372 τήν
939 3280 1174 3354 oholoi-165⁷

128 3400 220 3449 σκων
237 3407 273 3450 τε
290 3383 346 3450 καὶ
367 3386 526 3453 Αἰκανῶν
544 3386 775 3473 ἐπιστρατείαν
800 3391 966 3475 λῃστείαις
984 3411 1021 3454 τε
1039 3387 1099 3454 καὶ
