2384 3850
152 118 214 185 τε
538 151 577 160 -
623 115 661 174 ε
701 148 744 160 ..
880 6 1145 155 '¹

150 298 186 364 οί
200 291 262 381 μὲν
279 288 343 379 γάρ
362 286 540 369 διώκοντες
558 294 715 377 ἔφευγον,
734 292 769 358 οί
780 287 818 357 δὲ
831 283 1011 376 φεύγοντες
1026 290 1124 365 ἐδίω-

152 422 222 465 κον.
263 399 349 462 ένθα
368 392 484 462 πολλοὶ
502 391 560 460 καὶ
577 387 703 479 άχαθοὶ
723 382 892 478 Ῥωμαίων
911 386 1124 477 θνήσκουσιν

152 491 207 565 οἷα
226 491 315 575 είκός
338 490 528 582 ὠθούμενοι
553 489 637 561 κατά
660 493 809 581 πρανοῦς
832 498 959 581 χωρίου
982 492 1038 560 καὶ
1057 484 1123 560 ὑπὸ

150 599 286 668 πολλῶν
321 590 430 682 όλίχοι
464 594 705 674 κυκλωθέντες.
754 588 886 681 ἀδελφά
921 592 959 661 δέ
993 589 1125 673 τούτοις

118 705 314 788 σέπασχον,
348 691 421 766 ὅσοι
444 692 528 783 πρὸς
550 691 658 764 σκῦλά
681 720 718 763 τε
741 695 797 765 καὶ
824 688 976 783 άρκαχόις
1002 691 1125 782 τραπό-

152 827 248 889 μενοι
265 796 302 867 τὸ
321 798 358 867 ἐν
376 794 490 887 κόσμω
507 823 543 865 τε
560 797 615 865 καὶ
634 791 724 878 τάξει
741 790 931 885 ἀποχωρεῖν
947 792 1124 885 άφηρέθη-

154 918 235 970 σαν·
263 898 406 988 καὶγὰρ
430 888 523 967 οὗτοι
545 898 820 984 καταληφθέντες
842 893 909 965 ὑπό
932 900 1002 966 τῶν
1025 905 1180 967 πολε-ιλιι·

151 1007 251 1089 μίων,
269 1005 305 1068 οί
319 996 642 1088 μλνέσφάχησαν,οί
651 995 680 1066 δ’
699 999 901 1087 αἰχμάλωτοι
913 996 1126 1086 ἐλήφθησαν.

152 1097 225 1171 ὅσοι
251 1099 288 1169 δὲ
310 1097 439 1169 τούτων
460 1126 498 1169 τε
522 1101 579 1169 καὶ
602 1102 671 1170 τῶν
688 1096 753 1171 άπὸ
779 1102 839 1169 τοῦ
862 1095 963 1187 ὅρους
993 1094 1126 1189 ἀπαρα-

105 1222 136 1270 10
154 1203 306 1293 χθέντων
326 1198 552 1290 διεστάθησαν,
569 1196 632 1283 ὀψὲ
648 1203 706 1289 τῆς
724 1195 812 1290 ὥρας
829 1204 897 1271 τῶν
915 1202 1049 1271 ἱππέων
1067 1197 1126 1272 αύ-

153 1319 224 1385 tots
259 1300 582 1391 ἐπιβοηθησάντων,
612 1294 770 1390 άπηλθον
804 1302 859 1371 ἐπὶ
892 1300 952 1371 τόν
985 1300 1125 1391 χάρακα.

155 1402 265 1475 έδόκει
285 1431 323 1474 τε
341 1400 454 1485 αὐτοῖς
474 1404 707 1491 συλλαβέσθαι
729 1407 789 1473 τού
812 1400 857 1491 μὴ
881 1406 1033 1473 πασσυδὶ
1054 1410 1129 1475 δια-

154 1509 331 1597 φθαρῆναι
366 1503 490 1597 χειμιδν
524 1501 629 1585 πολύς
659 1508 692 1587 έξ
726 1500 874 1594 ούρανοῦ
905 1511 1128 1596 καταρραγεὶς

152 1610 210 1679 καὶ
227 1605 343 1689 σκότος
361 1603 433 1679 οἷον
451 1611 489 1677 έν
505 1623 578 1688 ταῖς
595 1613 751 1694 βαθείαις
768 1603 918 1696 ὁμίχλαις
936 1614 1085 1696 γίνεται,
1112 1603 1130 1677 ό

104 1734 136 1783 15
153 1726 222 1790 τοῖς
239 1717 408 1799 πολεμίοις
425 1706 527 1780 ὄκνον
543 1711 601 1798 τῆς
621 1708 675 1778 ἐπὶ
687 1710 790 1779 πλέον
802 1705 945 1791 διύξεως
958 1714 1127 1801 παρέσχεν

155 1807 196 1881 ού
221 1812 420 1901 δυναμένοις
447 1808 487 1881 τά
511 1808 626 1901 πόρρω
650 1812 811 1899 καθορᾶν.
855 1814 895 1900 τῇ
926 1807 957 1879 δ’
986 1810 1127 1901 ίπιούση

154 1913 252 1982 νυκτὶ
263 1908 452 2001 ἀναστήσας
463 1906 971 2003 τὴνστρατιάνόύπατοςάπῆμε
980 1918 1063 2004 σιγῇ
1073 1915 1126 1984 καὶ
1178 1979 1179 1984 ,

156 2014 192 2081 έν
209 2008 334 2104 κόσμει,
353 2021 474 2082 λαθεῖν
491 2011 568 2094 τούς
586 2020 765 2104 πολεμίους
784 2012 1050 2108 προνοούμενος·
1073 2018 1126 2086 καὶ
1178 1987 1179 2072 δ

154 2114 499 2214 κατεστρατοπέδευσε
527 2111 618 2205 παρά
653 2114 747 2186 πόλει
781 2118 944 2206 λεγομένη
969 2116 1125 2208 Λογγόλᾳ

104 2239 138 2288 20
155 2214 233 2302 περὶ
270 2219 386 2302 δείλην
407 2212 529 2305 ὀψίαν,
564 2213 714 2306 γήλοφον
750 2215 867 2288 ίκανόν
891 2215 1025 2306 έρύκειν
1051 2217 1126 2301 τούς

155 2313 307 2400 ἐπιόντας
331 2315 553 2408 ἐκλεξάμενος.
599 2325 685 2389 ἔνθα
701 2315 880 2408 ὑπομένων
902 2316 981 2400 τούς
1004 2348 1044 2390 τε
1062 2316 1126 2391 ὑπό
1176 2283 1177 2371 δ

153 2415 353 2509 τραυμάτων
369 2417 557 2509 κάμνοντας
574 2417 735 2490 ἀνεκτᾶτο
748 2427 957 2510 θεραπείαις,
976 2423 1035 2491 καὶ
1050 2420 1126 2503 τούς
1175 2435 1176 2520 η

153 2517 406 2608 ἀδημονοῦντας
426 2524 480 2591 ἐπὶ
497 2524 540 2612 τῇ
555 2519 734 2615 παραδόξφ
745 2527 810 2592 τοῦ
829 2520 962 2604 πάθους
980 2522 1125 2616 αἰσχύνη

130 2679 133 2683 .
155 2618 458 2709 παραμυθούμενος
475 2618 695 2712 ἀνελάμβανε.

104 2742 137 2790 25
232 2720 415 2790 LXXXVI.
445 2720 599 2812 Ῥωμαῖοι
622 2725 688 2814 μὲν
711 2715 773 2796 οὖν
805 2728 841 2796 έν
869 2722 999 2808 τούτοις
1021 2717 1174 2820 ἦσανιῖη

109 2837 112 2840 ’
159 2818 367 2893 Οὐολοῦσκοι
386 2823 441 2910 δέ,
467 2823 584 2913 ἐπειδὴ
606 2823 714 2915 ἡμέρα
734 2854 771 2896 τε
790 2828 920 2915 ἐγένετο
943 2830 1000 2898 καί
1018 2836 1122 2918 ἔγνω-
1172 2847 1173 2854 ’

155 2945 220 2995 σαν
236 2923 315 3007 τοὺς
332 2930 511 3014 πολεμίους
535 2925 767 3012 έκλελοιπότας
780 2925 841 2999 τόν
860 2925 1001 3020 χάρακα,
1020 2951 1123 3021 προσ-

156 3023 312 3110 ελθόντες
329 3029 710 3117 κατεστρατοπέδευσαν.
730 3026 974 3113 σκυλεύσαντες
994 3031 1031 3101 δέ
1049 3029 1123 3109 τοὺς

154 3129 223 3194 τῶν
240 3137 410 3218 πολεμίων
427 3128 568 3219 νεκροὺς
593 3134 650 3202 καί
674 3129 752 3213 τούς
769 3129 957 3221 ἡμιθνῆτας
982 3128 1034 3215 οἷς
1058 3154 1123 3202 σω

104 3249 138 3296 30
157 3223 327 3314 θήσεσθαι
345 3234 438 3313 έλπὶς
463 3222 734 3322 ἦνάνελόμενοι,
758 3229 866 3322 ταφάς
888 3261 925 3304 τε
942 3233 1122 3323 ποιησάμε-
1157 3304 1162 3315 ,

156 3355 209 3398 νοι
226 3331 294 3399 τῶν
311 3334 483 3422 σφετέρων
501 3336 648 3424 νεκρῶν,
675 3339 722 3416 είς
745 3333 808 3423 τὴν
832 3333 1002 3424 ἐγγυτάτω
1026 3333 1121 3406 πόλιν

152 3425 284 3500 ’Ἄντιον
306 3428 503 3515 ἀνέζευξαν·
536 3441 623 3504 ἔνθα
647 3444 874 3520 παιανίζοντες
900 3438 955 3507 έπὶ
982 3441 1023 3528 τῇ
1046 3443 1119 3524 νίκη

117 3780 330 3829 mm&
364 3826 368 3829 ,
442 3787 446 3793 ’
