<?xml version="1.0" encoding="UTF-8"?>
<!DOCTYPE html PUBLIC "-//W3C//DTD XHTML 1.0 Transitional//EN"
    "http://www.w3.org/TR/xhtml1/DTD/xhtml1-transitional.dtd">
<html xmlns="http://www.w3.org/1999/xhtml" xml:lang="en" lang="en">
 <head>
  <title>
</title>
<meta http-equiv="Content-Type" content="text/html;charset=utf-8" />
  <meta name='ocr-system' content='tesseract 3.04.00' />
  <meta name='ocr-capabilities' content='ocr_page ocr_carea ocr_par ocr_line ocrx_word'/>
</head>
<body>
  <div class='ocr_page' id='page_1' title='image "./dionysihalicarn01kiesgoog_0293.png"; bbox 0 0 2384 3850; ppageno 0'>
   <div class='ocr_carea' id='block_1_1' title="bbox 329 40 1041 134">
    <p class='ocr_par' dir='ltr' id='par_1_1' title="bbox 20 27 1041 138">
     <span class='ocr_line' id='line_1_1' title="bbox 329 40 1041 134; baseline -0.001 -12.303"><span class='ocrx_word' id='word_1_1' title='bbox 329 55 343 66; x_wconf 84' lang='grc'><em>“</em></span> <span class='ocrx_word' id='word_1_2' title='bbox 457 90 495 100; x_wconf 91' lang='grc'>-</span> <span class='ocrx_word' id='word_1_3' title='bbox 541 40 658 134; x_wconf 48' lang='grc' dir='ltr'><strong><em>οὲ.</em></strong></span> <span class='ocrx_word' id='word_1_4' title='bbox 976 55 1041 125; x_wconf 76' lang='grc'><strong><em>247</em></strong></span> 
     </span>
    </p>
   </div>
   <div class='ocr_carea' id='block_1_2' title="bbox 20 216 1094 3482">
    <p class='ocr_par' dir='ltr' id='par_1_2' title="bbox 20 216 1041 322">
     <span class='ocr_line' id='line_1_2' title="bbox 20 216 1041 322; baseline 0.006 -26"><span class='ocrx_word' id='word_1_5' title='bbox 20 265 23 312; x_wconf 63' lang='grc' dir='ltr'><strong><em>η</em></strong></span> <span class='ocrx_word' id='word_1_6' title='bbox 57 224 232 316; x_wconf 81' lang='grc' dir='ltr'><strong><em>δύναμις,</em></strong></span> <span class='ocrx_word' id='word_1_7' title='bbox 261 216 300 314; x_wconf 79' lang='grc' dir='ltr'><strong><em>ἧς</em></strong></span> <span class='ocrx_word' id='word_1_8' title='bbox 329 223 442 315; x_wconf 74' lang='grc' dir='ltr'><strong><em>ἡγεῖτο</em></strong></span> <span class='ocrx_word' id='word_1_9' title='bbox 470 232 610 300; x_wconf 83' lang='grc' dir='ltr'><strong><em>Καίσων</em></strong></span> <span class='ocrx_word' id='word_1_10' title='bbox 641 227 809 317; x_wconf 83' lang='grc' dir='ltr'><strong><em>Φάβιοςδ</em></strong></span> <span class='ocrx_word' id='word_1_11' title='bbox 839 232 949 322; x_wconf 77' lang='grc' dir='ltr'><strong><em>ἕτερος</em></strong></span> <span class='ocrx_word' id='word_1_12' title='bbox 972 234 1041 302; x_wconf 70' lang='grc' dir='ltr'><strong><em>τοῖν</em></strong></span> 
     </span>
    </p>

    <p class='ocr_par' dir='ltr' id='par_1_3' title="bbox 20 323 1074 728">
     <span class='ocr_line' id='line_1_3' title="bbox 20 323 1040 423; baseline 0.005 -25"><span class='ocrx_word' id='word_1_13' title='bbox 20 359 21 398; x_wconf 77' lang='grc' dir='ltr'><strong><em>ι</em></strong></span> <span class='ocrx_word' id='word_1_14' title='bbox 56 323 219 398; x_wconf 76' lang='grc' dir='ltr'><strong><em>ὑπάτων.</em></strong></span> <span class='ocrx_word' id='word_1_15' title='bbox 247 325 423 417; x_wconf 86' lang='grc' dir='ltr'><strong><em>γενόμενοι</em></strong></span> <span class='ocrx_word' id='word_1_16' title='bbox 441 329 479 401; x_wconf 72' lang='grc' dir='ltr'><strong><em>δὲ</em></strong></span> <span class='ocrx_word' id='word_1_17' title='bbox 496 333 647 419; x_wconf 80' lang='grc' dir='ltr'><strong><em>ποταμοῦ</em></strong></span> <span class='ocrx_word' id='word_1_18' title='bbox 664 331 820 423; x_wconf 85' lang='grc' dir='ltr'><strong><em>Κρεμέρα</em></strong></span> <span class='ocrx_word' id='word_1_19' title='bbox 831 336 986 420; x_wconf 79' lang='grc' dir='ltr'><strong><em>πλησίον,</em></strong></span> <span class='ocrx_word' id='word_1_20' title='bbox 1004 329 1040 415; x_wconf 76' lang='grc' dir='ltr'><strong><em>ὃς</em></strong></span> 
     </span>
     <span class='ocr_line' id='line_1_4' title="bbox 58 427 1041 524; baseline 0.006 -24"><span class='ocrx_word' id='word_1_21' title='bbox 58 427 101 500; x_wconf 87' lang='grc' dir='ltr'><strong><em>οὐ</em></strong></span> <span class='ocrx_word' id='word_1_22' title='bbox 108 427 252 519; x_wconf 83' lang='grc' dir='ltr'><strong><em>μακράν</em></strong></span> <span class='ocrx_word' id='word_1_23' title='bbox 264 427 380 520; x_wconf 85' lang='grc' dir='ltr'><strong><em>άπέχει</em></strong></span> <span class='ocrx_word' id='word_1_24' title='bbox 391 434 448 520; x_wconf 82' lang='grc' dir='ltr'><strong><em>τῆς</em></strong></span> <span class='ocrx_word' id='word_1_25' title='bbox 458 427 676 504; x_wconf 69' lang='grc' dir='ltr'><strong><em>Οὐιεντανῶν</em></strong></span> <span class='ocrx_word' id='word_1_26' title='bbox 686 430 921 524; x_wconf 72' lang='grc' dir='ltr'><strong><em>πόλεως,ὐπὲρ</em></strong></span> <span class='ocrx_word' id='word_1_27' title='bbox 933 430 1041 524; x_wconf 75' lang='grc' dir='ltr'><strong><em>ὄχθου</em></strong></span> 
     </span>
     <span class='ocr_line' id='line_1_5' title="bbox 57 527 1038 625; baseline 0.006 -25"><span class='ocrx_word' id='word_1_28' title='bbox 57 529 154 612; x_wconf 82' lang='grc' dir='ltr'><strong><em>τινὸς</em></strong></span> <span class='ocrx_word' id='word_1_29' title='bbox 185 527 356 621; x_wconf 77' lang='grc' dir='ltr'><strong><em>ἀποτόμου</em></strong></span> <span class='ocrx_word' id='word_1_30' title='bbox 379 535 435 603; x_wconf 79' lang='grc' dir='ltr'><strong><em>καὶ</em></strong></span> <span class='ocrx_word' id='word_1_31' title='bbox 468 537 675 625; x_wconf 67' lang='grc' dir='ltr'><strong><em>περιρρῶγος</em></strong></span> <span class='ocrx_word' id='word_1_32' title='bbox 706 538 906 624; x_wconf 75' lang='grc' dir='ltr'><strong><em>ἐπετείχιζον</em></strong></span> <span class='ocrx_word' id='word_1_33' title='bbox 924 531 1038 625; x_wconf 84' lang='grc' dir='ltr'><strong><em>αὐτοῖς</em></strong></span> 
     </span>
     <span class='ocr_line' id='line_1_6' title="bbox 59 629 1074 728; baseline 0.002 -24"><span class='ocrx_word' id='word_1_34' title='bbox 59 630 236 723; x_wconf 77' lang='grc' dir='ltr'><strong><em>φρούριον</em></strong></span> <span class='ocrx_word' id='word_1_35' title='bbox 254 629 371 704; x_wconf 80' lang='grc' dir='ltr'><strong><em>ἱκανόν</em></strong></span> <span class='ocrx_word' id='word_1_36' title='bbox 395 632 628 723; x_wconf 74' lang='grc' dir='ltr'><strong><em>φυλάττεσθαι</em></strong></span> <span class='ocrx_word' id='word_1_37' title='bbox 653 635 798 726; x_wconf 86' lang='grc' dir='ltr'><strong><em>τοσαύτη</em></strong></span> <span class='ocrx_word' id='word_1_38' title='bbox 822 641 959 728; x_wconf 76' lang='grc' dir='ltr'><strong><em>στρατιᾷ</em></strong></span> <span class='ocrx_word' id='word_1_39' title='bbox 982 634 1074 706; x_wconf 70' lang='lat' dir='ltr'><em>voi-⁵</em></span> 
     </span>
    </p>

    <p class='ocr_par' dir='ltr' id='par_1_4' title="bbox 20 731 1041 829">
     <span class='ocr_line' id='line_1_7' title="bbox 20 731 1041 829; baseline 0.004 -25"><span class='ocrx_word' id='word_1_40' title='bbox 20 735 21 820; x_wconf 71' lang='grc' dir='ltr'><strong><em>λ</em></strong></span> <span class='ocrx_word' id='word_1_41' title='bbox 60 763 178 824; x_wconf 83' lang='grc' dir='ltr'><strong><em>φρους</em></strong></span> <span class='ocrx_word' id='word_1_42' title='bbox 195 761 232 804; x_wconf 86' lang='grc' dir='ltr'><strong><em>τε</em></strong></span> <span class='ocrx_word' id='word_1_43' title='bbox 248 731 449 826; x_wconf 78' lang='grc' dir='ltr'><strong><em>ὀρυξάμενοι</em></strong></span> <span class='ocrx_word' id='word_1_44' title='bbox 466 739 543 828; x_wconf 78' lang='grc' dir='ltr'><strong><em>περί</em></strong></span> <span class='ocrx_word' id='word_1_45' title='bbox 562 733 644 808; x_wconf 82' lang='grc' dir='ltr'><strong><em>αὐτὸ</em></strong></span> <span class='ocrx_word' id='word_1_46' title='bbox 669 743 788 820; x_wconf 83' lang='grc' dir='ltr'><strong><em>διπλᾶς</em></strong></span> <span class='ocrx_word' id='word_1_47' title='bbox 811 740 868 808; x_wconf 65' lang='lat' dir='ltr'><strong><em>aaz</em></strong></span> <span class='ocrx_word' id='word_1_48' title='bbox 879 735 1041 829; x_wconf 82' lang='grc' dir='ltr'><strong><em>πύργους</em></strong></span> 
     </span>
    </p>

    <p class='ocr_par' dir='ltr' id='par_1_5' title="bbox 20 833 1041 1032">
     <span class='ocr_line' id='line_1_8' title="bbox 20 833 1041 932; baseline -0.001 -22"><span class='ocrx_word' id='word_1_49' title='bbox 20 833 21 910; x_wconf 73' lang='grc' dir='ltr'><strong><em>λ</em></strong></span> <span class='ocrx_word' id='word_1_50' title='bbox 62 839 257 925; x_wconf 66' lang='grc' dir='ltr'><strong><em>ἐγείραντες</em></strong></span> <span class='ocrx_word' id='word_1_51' title='bbox 275 836 439 919; x_wconf 86' lang='grc' dir='ltr'><strong><em>πυκνούς·</em></strong></span> <span class='ocrx_word' id='word_1_52' title='bbox 459 839 516 908; x_wconf 85' lang='grc' dir='ltr'><strong><em>καλ</em></strong></span> <span class='ocrx_word' id='word_1_53' title='bbox 539 836 723 928; x_wconf 73' lang='grc' dir='ltr'><strong><em>ὠνομάσθη</em></strong></span> <span class='ocrx_word' id='word_1_54' title='bbox 745 837 784 910; x_wconf 83' lang='grc' dir='ltr'><strong><em>τὸ</em></strong></span> <span class='ocrx_word' id='word_1_55' title='bbox 801 837 967 932; x_wconf 78' lang='grc' dir='ltr'><strong><em>φρούριον</em></strong></span> <span class='ocrx_word' id='word_1_56' title='bbox 985 840 1041 910; x_wconf 84' lang='grc' dir='ltr'><strong><em>έπλ</em></strong></span> 
     </span>
     <span class='ocr_line' id='line_1_9' title="bbox 59 936 1041 1032; baseline 0.003 -25"><span class='ocrx_word' id='word_1_57' title='bbox 59 941 123 1008; x_wconf 78' lang='grc' dir='ltr'><strong><em>τοῦ</em></strong></span> <span class='ocrx_word' id='word_1_58' title='bbox 143 942 311 1028; x_wconf 82' lang='grc' dir='ltr'><strong><em>ποταμοῦ,</em></strong></span> <span class='ocrx_word' id='word_1_59' title='bbox 329 941 493 1031; x_wconf 82' lang='grc' dir='ltr'><strong><em>Κρεμέρα.</em></strong></span> <span class='ocrx_word' id='word_1_60' title='bbox 527 936 582 1010; x_wconf 79' lang='grc' dir='ltr'><strong><em>οἷα</em></strong></span> <span class='ocrx_word' id='word_1_61' title='bbox 601 941 638 1011; x_wconf 70' lang='grc' dir='ltr'><strong><em>δὲ</em></strong></span> <span class='ocrx_word' id='word_1_62' title='bbox 656 948 868 1031; x_wconf 81' lang='grc' dir='ltr'><strong><em>πολυχειρίας</em></strong></span> <span class='ocrx_word' id='word_1_63' title='bbox 886 967 923 1011; x_wconf 89' lang='grc' dir='ltr'><strong><em>τε</em></strong></span> <span class='ocrx_word' id='word_1_64' title='bbox 941 944 1041 1032; x_wconf 81' lang='grc' dir='ltr'><strong><em>ἐργα-</em></strong></span> 
     </span>
    </p>

    <p class='ocr_par' dir='ltr' id='par_1_6' title="bbox 20 976 1093 1844">
     <span class='ocr_line' id='line_1_10' title="bbox 62 1037 1042 1133; baseline 0.004 -22.836"><span class='ocrx_word' id='word_1_65' title='bbox 62 1040 206 1128; x_wconf 69' lang='grc' dir='ltr'><strong><em>ζομένης</em></strong></span> <span class='ocrx_word' id='word_1_66' title='bbox 226 1042 281 1110; x_wconf 78' lang='grc' dir='ltr'><strong><em>καὶ</em></strong></span> <span class='ocrx_word' id='word_1_67' title='bbox 299 1037 429 1113; x_wconf 82' lang='grc' dir='ltr'><strong><em>ὑπάτου</em></strong></span> <span class='ocrx_word' id='word_1_68' title='bbox 447 1039 756 1132; x_wconf 85' lang='grc' dir='ltr'><strong><em>συλλαμβάνοντος,</em></strong></span> <span class='ocrx_word' id='word_1_69' title='bbox 774 1047 901 1116; x_wconf 77' lang='grc' dir='ltr'><strong><em>θάττον</em></strong></span> <span class='ocrx_word' id='word_1_70' title='bbox 917 1038 938 1133; x_wconf 76' lang='grc' dir='ltr'><strong><em>ἦ</em></strong></span> <span class='ocrx_word' id='word_1_71' title='bbox 957 1039 1042 1114; x_wconf 84' lang='grc' dir='ltr'><strong><em>κατά</em></strong></span> 
     </span>
     <span class='ocr_line' id='line_1_11' title="bbox 62 1139 1093 1241; baseline 0.006 -31"><span class='ocrx_word' id='word_1_72' title='bbox 62 1139 172 1224; x_wconf 80' lang='grc' dir='ltr'><strong><em>δόξαν</em></strong></span> <span class='ocrx_word' id='word_1_73' title='bbox 185 1143 343 1241; x_wconf 74' lang='grc' dir='ltr'><strong><em>ἐτελέσθη</em></strong></span> <span class='ocrx_word' id='word_1_74' title='bbox 354 1140 391 1213; x_wconf 85' lang='grc' dir='ltr'><strong><em>τό</em></strong></span> <span class='ocrx_word' id='word_1_75' title='bbox 405 1150 512 1235; x_wconf 84' lang='grc' dir='ltr'><strong><em>ἔργον.</em></strong></span> <span class='ocrx_word' id='word_1_76' title='bbox 527 1146 583 1214; x_wconf 82' lang='grc' dir='ltr'><strong><em>καὶ</em></strong></span> <span class='ocrx_word' id='word_1_77' title='bbox 594 1144 677 1234; x_wconf 84' lang='grc' dir='ltr'><strong><em>μετὰ</em></strong></span> <span class='ocrx_word' id='word_1_78' title='bbox 688 1147 788 1216; x_wconf 72' lang='grc' dir='ltr'><strong><em>τοῦτο</em></strong></span> <span class='ocrx_word' id='word_1_79' title='bbox 799 1141 1040 1270; x_wconf 63' lang='grc' dir='ltr'><strong><em>ἐξαγαγρδντὴν</em></strong></span> <span class='ocrx_word' id='word_1_80' title='bbox 1060 1159 1093 1208; x_wconf 83' lang='lat'><strong><em>10</em></strong></span> 
     </span>
     <span class='ocr_line' id='line_1_12' title="bbox 63 1238 1040 1368; baseline 0.006 -57"><span class='ocrx_word' id='word_1_81' title='bbox 63 1238 216 1333; x_wconf 76' lang='grc' dir='ltr'><strong><em>’δύναμιν</em></strong></span> <span class='ocrx_word' id='word_1_82' title='bbox 225 1242 418 1368; x_wconf 70' lang='grc' dir='ltr'><strong><em>παρηλασεν</em></strong></span> <span class='ocrx_word' id='word_1_83' title='bbox 430 1247 483 1316; x_wconf 80' lang='grc' dir='ltr'><strong><em>ἐπὶ</em></strong></span> <span class='ocrx_word' id='word_1_84' title='bbox 493 1243 621 1336; x_wconf 74' lang='grc' dir='ltr'><strong><em>θάτερα</em></strong></span> <span class='ocrx_word' id='word_1_85' title='bbox 634 1242 697 1336; x_wconf 82' lang='grc' dir='ltr'><strong><em>[τα]</em></strong></span> <span class='ocrx_word' id='word_1_86' title='bbox 711 1247 849 1337; x_wconf 87' lang='grc' dir='ltr'><strong><em>μέρη</em></strong></span> <span class='ocrx_word' id='word_1_87' title='bbox 807 1275 865 1335; x_wconf 90' lang='grc' dir='ltr'><strong><em>της</em></strong></span> <span class='ocrx_word' id='word_1_88' title='bbox 880 1243 1040 1318; x_wconf 87' lang='grc' dir='ltr'><strong><em>Οὐιεντα-</em></strong></span> 
     </span>
     <span class='ocr_line' id='line_1_13' title="bbox 62 1342 1040 1470; baseline 0.005 -56"><span class='ocrx_word' id='word_1_89' title='bbox 62 1348 137 1414; x_wconf 78' lang='grc' dir='ltr'><strong><em>νῶν</em></strong></span> <span class='ocrx_word' id='word_1_90' title='bbox 147 1342 260 1436; x_wconf 78' lang='grc' dir='ltr'><strong><em>χώρας</em></strong></span> <span class='ocrx_word' id='word_1_91' title='bbox 270 1343 312 1415; x_wconf 81' lang='grc' dir='ltr'><strong><em>τά</em></strong></span> <span class='ocrx_word' id='word_1_92' title='bbox 327 1342 409 1436; x_wconf 83' lang='grc' dir='ltr'><strong><em>πρός</em></strong></span> <span class='ocrx_word' id='word_1_93' title='bbox 420 1346 484 1436; x_wconf 85' lang='grc' dir='ltr'><strong><em>τὴν</em></strong></span> <span class='ocrx_word' id='word_1_94' title='bbox 493 1343 599 1437; x_wconf 86' lang='grc' dir='ltr'><strong><em>άλλην</em></strong></span> <span class='ocrx_word' id='word_1_95' title='bbox 610 1349 821 1470; x_wconf 77' lang='grc' dir='ltr'><strong><em>ἐστραμμένα</em></strong></span> <span class='ocrx_word' id='word_1_96' title='bbox 836 1355 1040 1440; x_wconf 82' lang='grc' dir='ltr'><strong><em>Τυρρηνίαν,</em></strong></span> 
     </span>
     <span class='ocr_line' id='line_1_14' title="bbox 64 1437 1041 1538; baseline 0.003 -23"><span class='ocrx_word' id='word_1_97' title='bbox 64 1437 202 1518; x_wconf 78' lang='grc' dir='ltr'><strong><em>ἔνθα</em></strong></span> <span class='ocrx_word' id='word_1_98' title='bbox 178 1475 223 1535; x_wconf 89' lang='grc' dir='ltr'><strong><em>ην</em></strong></span> <span class='ocrx_word' id='word_1_99' title='bbox 245 1463 314 1528; x_wconf 84' lang='grc' dir='ltr'><strong><em>τοῖς</em></strong></span> <span class='ocrx_word' id='word_1_100' title='bbox 342 1444 557 1530; x_wconf 75' lang='grc' dir='ltr'><strong><em>Οὐιεντανοῖς</em></strong></span> <span class='ocrx_word' id='word_1_101' title='bbox 581 1445 622 1518; x_wconf 83' lang='grc' dir='ltr'><strong><em>τά</em></strong></span> <span class='ocrx_word' id='word_1_102' title='bbox 645 1446 854 1538; x_wconf 81' lang='grc' dir='ltr'><strong><em>βοσκηματα,</em></strong></span> <span class='ocrx_word' id='word_1_103' title='bbox 878 1447 1041 1520; x_wconf 86' lang='grc' dir='ltr'><strong><em>οὐδέποτε</em></strong></span> 
     </span>
     <span class='ocr_line' id='line_1_15' title="bbox 64 1543 1041 1675; baseline 0.002 -58"><span class='ocrx_word' id='word_1_104' title='bbox 64 1546 214 1640; x_wconf 86' lang='grc' dir='ltr'><strong><em>στρατὸν</em></strong></span> <span class='ocrx_word' id='word_1_105' title='bbox 231 1543 345 1637; x_wconf 87' lang='grc' dir='ltr'><strong><em>ηξειν</em></strong></span> <span class='ocrx_word' id='word_1_106' title='bbox 341 1557 508 1640; x_wconf 83' lang='grc' dir='ltr'><strong><em>Ρωμαίων</em></strong></span> <span class='ocrx_word' id='word_1_107' title='bbox 532 1553 604 1620; x_wconf 82' lang='grc' dir='ltr'><strong><em>ἐκεῖ</em></strong></span> <span class='ocrx_word' id='word_1_108' title='bbox 624 1551 914 1675; x_wconf 75' lang='grc' dir='ltr'><strong><em>προσδεχομένοις.</em></strong></span> <span class='ocrx_word' id='word_1_109' title='bbox 945 1575 1041 1642; x_wconf 89' lang='grc' dir='ltr'><strong><em>περι</em></strong></span> 
     </span>
     <span class='ocr_line' id='line_1_16' title="bbox 65 1647 1091 1740; baseline 0.005 -22"><span class='ocrx_word' id='word_1_110' title='bbox 65 1647 254 1740; x_wconf 86' lang='grc' dir='ltr'><strong><em>βαλόμενος</em></strong></span> <span class='ocrx_word' id='word_1_111' title='bbox 281 1652 318 1721; x_wconf 78' lang='grc' dir='ltr'><strong><em>δὲ</em></strong></span> <span class='ocrx_word' id='word_1_112' title='bbox 342 1651 471 1740; x_wconf 83' lang='grc' dir='ltr'><strong><em>πολλὴν</em></strong></span> <span class='ocrx_word' id='word_1_113' title='bbox 488 1659 584 1722; x_wconf 86' lang='grc' dir='ltr'><strong><em>λείαν</em></strong></span> <span class='ocrx_word' id='word_1_114' title='bbox 614 1649 747 1740; x_wconf 86' lang='grc' dir='ltr'><strong><em>άπηγευ</em></strong></span> <span class='ocrx_word' id='word_1_115' title='bbox 769 1648 885 1722; x_wconf 78' lang='grc' dir='ltr'><strong><em>ἐπὶ</em></strong></span> <span class='ocrx_word' id='word_1_116' title='bbox 851 1679 888 1722; x_wconf 94' lang='grc' dir='ltr'><strong><em>το</em></strong></span> <span class='ocrx_word' id='word_1_117' title='bbox 913 1647 1038 1722; x_wconf 85' lang='grc' dir='ltr'><strong><em>νεόκτι-</em></strong></span> <span class='ocrx_word' id='word_1_118' title='bbox 1059 1673 1091 1723; x_wconf 81' lang='grc' dir='ltr'><strong><em>ιο</em></strong></span> 
     </span>
     <span class='ocr_line' id='line_1_17' title="bbox 66 1749 1039 1877; baseline 0.001 -56"><span class='ocrx_word' id='word_1_119' title='bbox 66 1771 150 1822; x_wconf 86' lang='grc' dir='ltr'><strong><em>στου</em></strong></span> <span class='ocrx_word' id='word_1_120' title='bbox 172 1749 347 1877; x_wconf 82' lang='grc' dir='ltr'><strong><em>φρούριρν,</em></strong></span> <span class='ocrx_word' id='word_1_121' title='bbox 366 1759 493 1872; x_wconf 74' lang='grc' dir='ltr'><strong><em>χαίρων</em></strong></span> <span class='ocrx_word' id='word_1_122' title='bbox 511 1755 629 1824; x_wconf 78' lang='grc' dir='ltr'><strong><em>ἐπὶ</em></strong></span> <span class='ocrx_word' id='word_1_123' title='bbox 588 1781 630 1844; x_wconf 86' lang='grc' dir='ltr'><strong><em>τη</em></strong></span> <span class='ocrx_word' id='word_1_124' title='bbox 647 1750 734 1846; x_wconf 82' lang='grc' dir='ltr'><strong><em>άγρρι</em></strong></span> <span class='ocrx_word' id='word_1_125' title='bbox 757 1749 829 1824; x_wconf 84' lang='grc' dir='ltr'><strong><em>κατ’</em></strong></span> <span class='ocrx_word' id='word_1_126' title='bbox 856 1749 1039 1842; x_wconf 79' lang='grc' dir='ltr'><strong><em>ἀμφότερα,</em></strong></span> 
     </span>
    </p>

    <p class='ocr_par' dir='ltr' id='par_1_7' title="bbox 20 1851 1094 3482">
     <span class='ocr_line' id='line_1_18' title="bbox 20 1851 1040 1956; baseline 0.007 -38"><span class='ocrx_word' id='word_1_127' title='bbox 20 1871 59 1922; x_wconf 70' lang='grc' dir='ltr'><strong><em>1ου</em></strong></span> <span class='ocrx_word' id='word_1_128' title='bbox 66 1883 125 1943; x_wconf 88' lang='grc' dir='ltr'><strong><em>της</em></strong></span> <span class='ocrx_word' id='word_1_129' title='bbox 144 1881 181 1925; x_wconf 88' lang='grc' dir='ltr'><strong><em>τε</em></strong></span> <span class='ocrx_word' id='word_1_130' title='bbox 199 1851 240 1956; x_wconf 88' lang='grc' dir='ltr'><strong><em>οὐ</em></strong></span> <span class='ocrx_word' id='word_1_131' title='bbox 259 1851 315 1924; x_wconf 85' lang='grc' dir='ltr'><strong><em>διά</em></strong></span> <span class='ocrx_word' id='word_1_132' title='bbox 331 1857 461 1947; x_wconf 78' lang='grc' dir='ltr'><strong><em>μακροῦ</em></strong></span> <span class='ocrx_word' id='word_1_133' title='bbox 477 1883 546 1926; x_wconf 89' lang='grc' dir='ltr'><strong><em>των</em></strong></span> <span class='ocrx_word' id='word_1_134' title='bbox 564 1862 734 1945; x_wconf 88' lang='grc' dir='ltr'><strong><em>πολεμίων</em></strong></span> <span class='ocrx_word' id='word_1_135' title='bbox 750 1856 949 1946; x_wconf 75' lang='grc' dir='ltr'><strong><em>τιμωρίας”</em></strong></span> <span class='ocrx_word' id='word_1_136' title='bbox 929 1882 1040 1946; x_wconf 88' lang='grc' dir='ltr'><strong><em>ενεκα,</em></strong></span> 
     </span>
     <span class='ocr_line' id='line_1_19' title="bbox 66 1952 1042 2083; baseline 0.002 -56"><span class='ocrx_word' id='word_1_137' title='bbox 66 1954 161 2027; x_wconf 77' lang='grc' dir='ltr'><strong><em>ααλ“</em></strong></span> <span class='ocrx_word' id='word_1_138' title='bbox 143 1984 195 2027; x_wconf 87' lang='grc' dir='ltr'><strong><em>οτι</em></strong></span> <span class='ocrx_word' id='word_1_139' title='bbox 212 1952 280 2037; x_wconf 89' lang='grc' dir='ltr'><strong><em>τοῖς</em></strong></span> <span class='ocrx_word' id='word_1_140' title='bbox 298 1973 459 2047; x_wconf 77' lang='grc' dir='ltr'><strong><em>φρουροῖς</em></strong></span> <span class='ocrx_word' id='word_1_141' title='bbox 477 1961 679 2082; x_wconf 80' lang='grc' dir='ltr'><strong><em>τοῦχρρίου</em></strong></span> <span class='ocrx_word' id='word_1_142' title='bbox 680 1957 809 2047; x_wconf 80' lang='grc' dir='ltr'><strong><em>πολλὴν</em></strong></span> <span class='ocrx_word' id='word_1_143' title='bbox 820 1963 936 2083; x_wconf 81' lang='grc' dir='ltr'><strong><em>ἔμελλε</em></strong></span> <span class='ocrx_word' id='word_1_144' title='bbox 954 1983 1042 2049; x_wconf 86' lang='grc' dir='ltr'><strong><em>παρ-</em></strong></span> 
     </span>
     <span class='ocr_line' id='line_1_20' title="bbox 68 2053 1042 2189; baseline 0.003 -61.044"><span class='ocrx_word' id='word_1_145' title='bbox 68 2063 156 2142; x_wconf 78' lang='grc' dir='ltr'><strong><em>ἕξειν</em></strong></span> <span class='ocrx_word' id='word_1_146' title='bbox 187 2053 357 2150; x_wconf 88' lang='grc' dir='ltr'><strong><em>εὐπορίαν.</em></strong></span> <span class='ocrx_word' id='word_1_147' title='bbox 407 2054 509 2130; x_wconf 70' lang='grc' dir='ltr'><strong><em>οὐδὲν</em></strong></span> <span class='ocrx_word' id='word_1_148' title='bbox 543 2056 609 2148; x_wconf 85' lang='grc' dir='ltr'><strong><em>γάρ</em></strong></span> <span class='ocrx_word' id='word_1_149' title='bbox 637 2056 708 2130; x_wconf 86' lang='grc' dir='ltr'><strong><em>οὐτ’</em></strong></span> <span class='ocrx_word' id='word_1_150' title='bbox 741 2067 789 2143; x_wconf 81' lang='grc' dir='ltr'><strong><em>εἰς</em></strong></span> <span class='ocrx_word' id='word_1_151' title='bbox 817 2056 855 2131; x_wconf 84' lang='grc' dir='ltr'><strong><em>τό</em></strong></span> <span class='ocrx_word' id='word_1_152' title='bbox 880 2058 1042 2189; x_wconf 75' lang='grc' dir='ltr'><strong><em>δημόριον</em></strong></span> 
     </span>
     <span class='ocr_line' id='line_1_21' title="bbox 68 2156 1093 2251; baseline 0.003 -22"><span class='ocrx_word' id='word_1_153' title='bbox 68 2157 270 2251; x_wconf 78' lang='grc' dir='ltr'><strong><em>ἀπήνεγκεν,</em></strong></span> <span class='ocrx_word' id='word_1_154' title='bbox 294 2156 371 2231; x_wconf 84' lang='grc' dir='ltr'><strong><em>οὐτε</em></strong></span> <span class='ocrx_word' id='word_1_155' title='bbox 395 2176 464 2243; x_wconf 86' lang='grc' dir='ltr'><strong><em>τοῖς</em></strong></span> <span class='ocrx_word' id='word_1_156' title='bbox 487 2163 762 2251; x_wconf 80' lang='grc' dir='ltr'><strong><em>στρατευομένοις</em></strong></span> <span class='ocrx_word' id='word_1_157' title='bbox 791 2160 980 2241; x_wconf 77' lang='grc' dir='ltr'><strong><em>ίδιοόταις</em></strong></span> <span class='ocrx_word' id='word_1_158' title='bbox 961 2163 1041 2232; x_wconf 87' lang='grc' dir='ltr'><strong><em>απέ-</em></strong></span> <span class='ocrx_word' id='word_1_159' title='bbox 1058 2183 1093 2233; x_wconf 79' lang='grc' dir='ltr'><strong><em>ευ</em></strong></span> 
     </span>
     <span class='ocr_line' id='line_1_22' title="bbox 68 2257 1041 2352; baseline 0.001 -21"><span class='ocrx_word' id='word_1_160' title='bbox 68 2290 202 2351; x_wconf 89' lang='grc' dir='ltr'><strong><em>νειμευ,</em></strong></span> <span class='ocrx_word' id='word_1_161' title='bbox 229 2259 313 2331; x_wconf 83' lang='grc' dir='ltr'><strong><em>ἄλλά</em></strong></span> <span class='ocrx_word' id='word_1_162' title='bbox 336 2263 393 2333; x_wconf 82' lang='grc' dir='ltr'><strong><em>καλ</em></strong></span> <span class='ocrx_word' id='word_1_163' title='bbox 416 2260 568 2352; x_wconf 83' lang='grc' dir='ltr'><strong><em>πρόβατα</em></strong></span> <span class='ocrx_word' id='word_1_164' title='bbox 592 2263 649 2331; x_wconf 85' lang='grc' dir='ltr'><strong><em>καλ</em></strong></span> <span class='ocrx_word' id='word_1_165' title='bbox 670 2257 834 2349; x_wconf 76' lang='grc' dir='ltr'><strong><em>ὑποζύγια</em></strong></span> <span class='ocrx_word' id='word_1_166' title='bbox 857 2263 914 2330; x_wconf 83' lang='grc' dir='ltr'><strong><em>ιιαλ</em></strong></span> <span class='ocrx_word' id='word_1_167' title='bbox 941 2260 1041 2351; x_wconf 83' lang='grc' dir='ltr'><strong><em>ζεόγη</em></strong></span> 
     </span>
     <span class='ocr_line' id='line_1_23' title="bbox 70 2354 1041 2453; baseline -0.004 -18"><span class='ocrx_word' id='word_1_168' title='bbox 70 2361 168 2451; x_wconf 85' lang='grc' dir='ltr'><strong><em>βοικά</em></strong></span> <span class='ocrx_word' id='word_1_169' title='bbox 186 2364 242 2431; x_wconf 81' lang='grc' dir='ltr'><strong><em>καὶ</em></strong></span> <span class='ocrx_word' id='word_1_170' title='bbox 259 2368 400 2453; x_wconf 91' lang='grc' dir='ltr'><strong><em>σίδηρον</em></strong></span> <span class='ocrx_word' id='word_1_171' title='bbox 417 2366 474 2433; x_wconf 81' lang='grc' dir='ltr'><strong><em>καὶ</em></strong></span> <span class='ocrx_word' id='word_1_172' title='bbox 496 2354 600 2433; x_wconf 84' lang='grc' dir='ltr'><strong><em>τάλλα</em></strong></span> <span class='ocrx_word' id='word_1_173' title='bbox 620 2360 683 2433; x_wconf 84' lang='grc' dir='ltr'><strong><em>ὅσα</em></strong></span> <span class='ocrx_word' id='word_1_174' title='bbox 710 2369 757 2444; x_wconf 82' lang='grc' dir='ltr'><strong><em>είς</em></strong></span> <span class='ocrx_word' id='word_1_175' title='bbox 780 2369 948 2452; x_wconf 77' lang='grc' dir='ltr'><strong><em>γεωργίαν</em></strong></span> <span class='ocrx_word' id='word_1_176' title='bbox 971 2366 1041 2432; x_wconf 79' lang='grc' dir='ltr'><strong><em>ἐπι-</em></strong></span> 
     </span>
     <span class='ocr_line' id='line_1_24' title="bbox 70 2453 1042 2555; baseline -0.001 -20"><span class='ocrx_word' id='word_1_177' title='bbox 70 2463 187 2554; x_wconf 84' lang='grc' dir='ltr'><strong><em>τήδεια</em></strong></span> <span class='ocrx_word' id='word_1_178' title='bbox 200 2453 243 2553; x_wconf 77' lang='grc' dir='ltr'><strong><em>ἦν</em></strong></span> <span class='ocrx_word' id='word_1_179' title='bbox 254 2480 324 2546; x_wconf 89' lang='grc' dir='ltr'><strong><em>τοῖς</em></strong></span> <span class='ocrx_word' id='word_1_180' title='bbox 337 2463 528 2555; x_wconf 83' lang='grc' dir='ltr'><strong><em>περιπόλοις</em></strong></span> <span class='ocrx_word' id='word_1_181' title='bbox 540 2468 599 2555; x_wconf 78' lang='grc' dir='ltr'><strong><em>της</em></strong></span> <span class='ocrx_word' id='word_1_182' title='bbox 611 2461 720 2555; x_wconf 74' lang='grc' dir='ltr'><strong><em>χώρας</em></strong></span> <span class='ocrx_word' id='word_1_183' title='bbox 732 2466 917 2554; x_wconf 74' lang='grc' dir='ltr'><strong><em>ἐχαρίσατο.</em></strong></span> <span class='ocrx_word' id='word_1_184' title='bbox 937 2467 1042 2536; x_wconf 78' lang='grc' dir='ltr'><strong><em>ταῦτα</em></strong></span> 
     </span>
     <span class='ocr_line' id='line_1_25' title="bbox 72 2563 1042 2657; baseline -0.001 -22"><span class='ocrx_word' id='word_1_185' title='bbox 72 2564 338 2657; x_wconf 79' lang='grc' dir='ltr'><strong><em>διαπραξάμενος</em></strong></span> <span class='ocrx_word' id='word_1_186' title='bbox 355 2563 484 2657; x_wconf 77' lang='grc' dir='ltr'><strong><em>ἀπῆγεν</em></strong></span> <span class='ocrx_word' id='word_1_187' title='bbox 503 2564 555 2637; x_wconf 81' lang='grc' dir='ltr'><strong><em>ἐπ’</em></strong></span> <span class='ocrx_word' id='word_1_188' title='bbox 585 2576 683 2637; x_wconf 83' lang='grc' dir='ltr'><strong><em>οῖιιου</em></strong></span> <span class='ocrx_word' id='word_1_189' title='bbox 698 2564 761 2655; x_wconf 78' lang='grc' dir='ltr'><strong><em>τὴν</em></strong></span> <span class='ocrx_word' id='word_1_190' title='bbox 778 2563 946 2657; x_wconf 87' lang='grc' dir='ltr'><strong><em>στρατιάν.</em></strong></span> <span class='ocrx_word' id='word_1_191' title='bbox 971 2581 1042 2647; x_wconf 82' lang='grc' dir='ltr'><strong><em>τοῖς</em></strong></span> 
     </span>
     <span class='ocr_line' id='line_1_26' title="bbox 72 2665 1094 2761; baseline 0 -24"><span class='ocrx_word' id='word_1_192' title='bbox 72 2670 109 2739; x_wconf 78' lang='grc' dir='ltr'><strong><em>δὲ</em></strong></span> <span class='ocrx_word' id='word_1_193' title='bbox 130 2665 349 2751; x_wconf 75' lang='grc' dir='ltr'><strong><em>Οὐιεντανοῖς</em></strong></span> <span class='ocrx_word' id='word_1_194' title='bbox 376 2665 458 2758; x_wconf 85' lang='grc' dir='ltr'><strong><em>μετά</em></strong></span> <span class='ocrx_word' id='word_1_195' title='bbox 485 2667 544 2739; x_wconf 86' lang='grc' dir='ltr'><strong><em>τὸν</em></strong></span> <span class='ocrx_word' id='word_1_196' title='bbox 575 2667 798 2759; x_wconf 80' lang='grc' dir='ltr'><strong><em>ἐπιτειχισμὸν</em></strong></span> <span class='ocrx_word' id='word_1_197' title='bbox 827 2670 889 2739; x_wconf 78' lang='grc' dir='ltr'><strong><em>τοῦ</em></strong></span> <span class='ocrx_word' id='word_1_198' title='bbox 917 2673 1042 2761; x_wconf 86' lang='grc' dir='ltr'><strong><em>χωρίου</em></strong></span> <span class='ocrx_word' id='word_1_199' title='bbox 1059 2687 1094 2737; x_wconf 69' lang='grc' dir='ltr'><strong><em>οῖ</em></strong></span> 
     </span>
     <span class='ocr_line' id='line_1_27' title="bbox 71 2766 1043 2861; baseline 0.001 -22"><span class='ocrx_word' id='word_1_200' title='bbox 71 2773 181 2851; x_wconf 76' lang='grc' dir='ltr'><strong><em>κακῶς</em></strong></span> <span class='ocrx_word' id='word_1_201' title='bbox 205 2768 296 2841; x_wconf 90' lang='grc' dir='ltr'><strong><em>πάνυ</em></strong></span> <span class='ocrx_word' id='word_1_202' title='bbox 319 2770 360 2840; x_wconf 85' lang='grc' dir='ltr'><strong><em>τά</em></strong></span> <span class='ocrx_word' id='word_1_203' title='bbox 382 2766 547 2861; x_wconf 76' lang='grc' dir='ltr'><strong><em>πράγματ’</em></strong></span> <span class='ocrx_word' id='word_1_204' title='bbox 575 2769 676 2861; x_wconf 78' lang='grc' dir='ltr'><strong><em>εἶχεν,</em></strong></span> <span class='ocrx_word' id='word_1_205' title='bbox 706 2767 783 2841; x_wconf 82' lang='grc' dir='ltr'><strong><em>οὐτε</em></strong></span> <span class='ocrx_word' id='word_1_206' title='bbox 813 2768 875 2859; x_wconf 79' lang='grc' dir='ltr'><strong><em>τὴν</em></strong></span> <span class='ocrx_word' id='word_1_207' title='bbox 904 2775 970 2860; x_wconf 79' lang='grc' dir='ltr'><strong><em>γῆν</em></strong></span> <span class='ocrx_word' id='word_1_208' title='bbox 994 2777 1043 2841; x_wconf 76' lang='grc' dir='ltr'><strong><em>ἔτι</em></strong></span> 
     </span>
     <span class='ocr_line' id='line_1_28' title="bbox 73 2869 1043 2963; baseline 0.002 -22"><span class='ocrx_word' id='word_1_209' title='bbox 73 2873 273 2961; x_wconf 73' lang='grc' dir='ltr'><strong><em>δυναμένοις</em></strong></span> <span class='ocrx_word' id='word_1_210' title='bbox 308 2869 469 2961; x_wconf 72' lang='grc' dir='ltr'><strong><em>ἀσφαλῶς</em></strong></span> <span class='ocrx_word' id='word_1_211' title='bbox 505 2887 671 2963; x_wconf 86' lang='grc' dir='ltr'><strong><em>γεωργεῖν</em></strong></span> <span class='ocrx_word' id='word_1_212' title='bbox 708 2869 785 2942; x_wconf 84' lang='grc' dir='ltr'><strong><em>οὐτε</em></strong></span> <span class='ocrx_word' id='word_1_213' title='bbox 820 2869 878 2953; x_wconf 80' lang='grc' dir='ltr'><strong><em>τάς</em></strong></span> <span class='ocrx_word' id='word_1_214' title='bbox 912 2875 1043 2954; x_wconf 80' lang='grc' dir='ltr'><strong><em>ἔξωθεν</em></strong></span> 
     </span>
     <span class='ocr_line' id='line_1_29' title="bbox 74 2970 1042 3064; baseline 0 -23"><span class='ocrx_word' id='word_1_215' title='bbox 74 2973 290 3063; x_wconf 80' lang='grc' dir='ltr'><strong><em>εἰσαγομένας</em></strong></span> <span class='ocrx_word' id='word_1_216' title='bbox 299 2970 422 3064; x_wconf 80' lang='grc' dir='ltr'><strong><em>ἀγοράς</em></strong></span> <span class='ocrx_word' id='word_1_217' title='bbox 434 2975 602 3064; x_wconf 82' lang='grc' dir='ltr'><strong><em>δέχεσθαι.</em></strong></span> <span class='ocrx_word' id='word_1_218' title='bbox 630 2980 803 3062; x_wconf 89' lang='grc' dir='ltr'><strong><em>νείμαντες</em></strong></span> <span class='ocrx_word' id='word_1_219' title='bbox 820 2971 884 3063; x_wconf 83' lang='grc' dir='ltr'><strong><em>γάρ</em></strong></span> <span class='ocrx_word' id='word_1_220' title='bbox 904 2979 951 3054; x_wconf 84' lang='grc' dir='ltr'><strong><em>είς</em></strong></span> <span class='ocrx_word' id='word_1_221' title='bbox 969 2974 1042 3042; x_wconf 88' lang='grc' dir='ltr'><strong><em>τέτ-</em></strong></span> 
     </span>
     <span class='ocr_line' id='line_1_30' title="bbox 73 3070 1041 3167; baseline -0.001 -23"><span class='ocrx_word' id='word_1_222' title='bbox 73 3103 156 3165; x_wconf 92' lang='grc' dir='ltr'><strong><em>ταρα</em></strong></span> <span class='ocrx_word' id='word_1_223' title='bbox 173 3077 257 3166; x_wconf 88' lang='grc' dir='ltr'><strong><em>μέρη</em></strong></span> <span class='ocrx_word' id='word_1_224' title='bbox 274 3070 337 3163; x_wconf 79' lang='grc' dir='ltr'><strong><em>τὴν</em></strong></span> <span class='ocrx_word' id='word_1_225' title='bbox 355 3073 514 3165; x_wconf 84' lang='grc' dir='ltr'><strong><em>στρατιάν</em></strong></span> <span class='ocrx_word' id='word_1_226' title='bbox 531 3080 566 3145; x_wconf 78' lang='grc' dir='ltr'><strong><em>οἱ</em></strong></span> <span class='ocrx_word' id='word_1_227' title='bbox 583 3073 717 3164; x_wconf 80' lang='grc' dir='ltr'><strong><em>Φάβιοι,</em></strong></span> <span class='ocrx_word' id='word_1_228' title='bbox 742 3076 790 3167; x_wconf 73' lang='grc' dir='ltr'><strong><em>τῷ</em></strong></span> <span class='ocrx_word' id='word_1_229' title='bbox 812 3074 874 3163; x_wconf 69' lang='grc' dir='ltr'><strong><em>μὲν</em></strong></span> <span class='ocrx_word' id='word_1_230' title='bbox 899 3076 951 3145; x_wconf 79' lang='grc' dir='ltr'><strong><em>ἑνὶ</em></strong></span> <span class='ocrx_word' id='word_1_231' title='bbox 976 3079 1041 3163; x_wconf 82' lang='grc' dir='ltr'><strong><em>διε·</em></strong></span> 
     </span>
     <span class='ocr_line' id='line_1_31' title="bbox 73 3172 1094 3267; baseline -0.003 -21"><span class='ocrx_word' id='word_1_232' title='bbox 73 3175 241 3265; x_wconf 86' lang='grc' dir='ltr'><strong><em>φόλαττον</em></strong></span> <span class='ocrx_word' id='word_1_233' title='bbox 265 3172 302 3247; x_wconf 87' lang='grc' dir='ltr'>τὸ</span> <span class='ocrx_word' id='word_1_234' title='bbox 329 3183 463 3267; x_wconf 89' lang='grc' dir='ltr'><strong><em>χωρίον,</em></strong></span> <span class='ocrx_word' id='word_1_235' title='bbox 493 3192 562 3258; x_wconf 86' lang='grc' dir='ltr'><strong><em>τοῖς</em></strong></span> <span class='ocrx_word' id='word_1_236' title='bbox 586 3177 624 3246; x_wconf 70' lang='grc' dir='ltr'><strong><em>δὲ</em></strong></span> <span class='ocrx_word' id='word_1_237' title='bbox 648 3177 738 3265; x_wconf 81' lang='grc' dir='ltr'><strong><em>τρισὶ</em></strong></span> <span class='ocrx_word' id='word_1_238' title='bbox 760 3174 823 3264; x_wconf 79' lang='grc' dir='ltr'><strong><em>τὴν</em></strong></span> <span class='ocrx_word' id='word_1_239' title='bbox 844 3173 958 3267; x_wconf 83' lang='grc' dir='ltr'><strong><em>χάραν</em></strong></span> <span class='ocrx_word' id='word_1_240' title='bbox 975 3178 1043 3247; x_wconf 78' lang='grc' dir='ltr'><strong><em>των</em></strong></span> <span class='ocrx_word' id='word_1_241' title='bbox 1058 3194 1094 3243; x_wconf 72' lang='grc' dir='ltr'><strong><em>σο</em></strong></span> 
     </span>
     <span class='ocr_line' id='line_1_32' title="bbox 74 3274 1041 3368; baseline 0 -21"><span class='ocrx_word' id='word_1_242' title='bbox 74 3284 241 3367; x_wconf 85' lang='grc' dir='ltr'><strong><em>πολεμίων</em></strong></span> <span class='ocrx_word' id='word_1_243' title='bbox 264 3274 400 3367; x_wconf 73' lang='grc' dir='ltr'><strong><em>ἄγοντές</em></strong></span> <span class='ocrx_word' id='word_1_244' title='bbox 429 3306 466 3349; x_wconf 88' lang='grc' dir='ltr'><strong><em>τε</em></strong></span> <span class='ocrx_word' id='word_1_245' title='bbox 496 3280 551 3349; x_wconf 82' lang='grc' dir='ltr'><strong><em>καὶ</em></strong></span> <span class='ocrx_word' id='word_1_246' title='bbox 580 3280 740 3368; x_wconf 86' lang='grc' dir='ltr'><strong><em>φέροντες</em></strong></span> <span class='ocrx_word' id='word_1_247' title='bbox 770 3274 824 3347; x_wconf 84' lang='grc' dir='ltr'><strong><em>άελ</em></strong></span> <span class='ocrx_word' id='word_1_248' title='bbox 855 3282 1041 3348; x_wconf 80' lang='grc' dir='ltr'><strong><em>διετέλουν·</em></strong></span> 
     </span>
     <span class='ocr_line' id='line_1_33' title="bbox 75 3375 1042 3482; baseline 0 -33"><span class='ocrx_word' id='word_1_249' title='bbox 75 3382 129 3449; x_wconf 84' lang='grc' dir='ltr'><strong><em>ιιαλ</em></strong></span> <span class='ocrx_word' id='word_1_250' title='bbox 153 3377 311 3482; x_wconf 83' lang='grc' dir='ltr'><strong><em>πολλάκις</em></strong></span> <span class='ocrx_word' id='word_1_251' title='bbox 341 3385 410 3451; x_wconf 79' lang='grc' dir='ltr'><strong><em>τῶν</em></strong></span> <span class='ocrx_word' id='word_1_252' title='bbox 436 3375 654 3451; x_wconf 70' lang='grc' dir='ltr'><strong><em>Οὐιεντανῶν</em></strong></span> <span class='ocrx_word' id='word_1_253' title='bbox 682 3382 719 3450; x_wconf 77' lang='grc' dir='ltr'><strong><em>ἐκ</em></strong></span> <span class='ocrx_word' id='word_1_254' title='bbox 747 3382 810 3450; x_wconf 83' lang='grc' dir='ltr'><strong><em>τού</em></strong></span> <span class='ocrx_word' id='word_1_255' title='bbox 831 3381 982 3472; x_wconf 78' lang='grc' dir='ltr'><strong><em>φανερρύ</em></strong></span> <span class='ocrx_word' id='word_1_256' title='bbox 1005 3407 1042 3450; x_wconf 86' lang='grc' dir='ltr'><strong><em>τε</em></strong></span> 
     </span>
    </p>
   </div>
   <div class='ocr_carea' id='block_1_3' title="bbox 0 0 1216 3850">
    <p class='ocr_par' dir='ltr' id='par_1_8' title="bbox 0 0 1216 3850">
     <span class='ocr_line' id='line_1_34' title="bbox 0 0 1216 3850; baseline 0 0"><span class='ocrx_word' id='word_1_257' title='bbox 0 0 1216 3850; x_wconf 95' lang='lat' dir='ltr'><strong><em> </em></strong></span> 
     </span>
    </p>
   </div>
  </div>
 </body>
</html>
