2384 3850
45 368 127 440 άλλά
151 373 207 440 καὶ
230 369 271 441 τά
295 379 385 461 ἔργα.
431 368 633 461 πάνταοχάρ
659 369 824 459 ὑφίστατο
847 379 1011 445 κίνδυνον

45 475 97 543 καλ
115 468 277 562 οὐδεμιᾶς
294 481 411 562 πείρας
429 469 632 562 άπελείφθη,
653 477 714 554 ἕως
734 471 821 542 ἑάλω
839 473 876 543 τὸ
891 490 1007 564 τεῖχος.

45 570 210 663 κρατήσας
229 575 267 643 δὲ
283 576 339 643 καὶ
357 571 479 662 ταύτης
497 573 562 645 σύν
578 571 688 667 χρόνῳ
706 579 764 662 της
782 572 926 663 πόλεως,
952 578 1008 644 καὶ

44 681 107 745 τῶν
124 672 278 745 ἁλόντων
295 673 373 756 τούς
396 676 458 764 μὲν
476 679 513 745 ἐν
531 679 654 765 χειρῶν
676 672 767 768 νόμω
792 682 1007 765 διαφθείρας,
1043 699 1059 747 5

44 773 117 856 τούς
155 773 186 845 δ’
220 774 450 865 αἰχμαλώτους
476 773 609 864 λαβάν,
640 772 748 865 άπῆγε
776 776 838 865 τὴν
863 775 1010 865 δύναμιν

46 875 312 964 ἐπιφανεστάτην
328 884 428 965 νίκην
442 874 697 966 ἐξενεγκάμενος
712 879 767 946 καὶ
783 876 918 966 λάφυρα
931 875 1009 947 κάλ-

45 989 137 1048 λιστα
154 980 211 1048 καὶ
228 990 371 1048 πλεῖστα
388 975 496 1101 άχων,
510 976 658 1067 χρήμασί
672 1005 709 1048 τε
724 976 942 1067 παμπόλλοις,
962 969 1011 1050 οἷν

18 1076 203 1170 ιιέχκρατὴς
222 1082 368 1168 ἐγένετο·
394 1070 496 1167 ἧυδ’
521 1077 643 1149 αὐτόθι
660 1076 722 1149 ὅσα
747 1083 784 1150 ἐν
800 1075 919 1151 ούδενὶ
941 1085 1009 1151 τάν

45 1179 193 1251 ἁλόντων
208 1188 356 1305 χωρίων
384 1187 565 1302 πλουτίσας
582 1209 645 1270 την
662 1179 829 1274 στρατιάν.
1029 1201 1060 1250 10

92 1282 181 1351 XXI.
213 1272 315 1352 Μετὰ
344 1286 442 1351 τοῦτο
471 1279 563 1370 χάρα
594 1309 631 1351 τε
662 1277 746 1408 όσημ
778 1279 1008 1371 διαπορεύοιτο

46 1382 232 1474 ὑποχείριος
264 1373 307 1470 ἦν
336 1385 393 1451 καὶ
423 1380 518 1464 πόλις
548 1379 735 1482 ούδεμία’
715 1387 915 1472 ηναντιούτο
947 1386 1008 1466 ἔξω

48 1479 295 1571 Ααουινίου,“
272 1513 316 1607 ην
334 1481 470 1573 πρωτην
492 1512 528 1553 τε
545 1474 645 1554 πόλιν
662 1489 697 1553 οί
711 1481 776 1553 σύν
794 1490 916 1574 Αίνείᾳ
933 1511 1009 1551 κατ·

44 1585 183 1709 μραντες
208 1591 256 1664 είς
275 1581 418 1655 Ἰταλίαν
439 1587 551 1674 Τρῶες
575 1589 726 1669 ἔκτισαν,
751 1579 850 1653 ταδ’
830 1581 889 1671 αφ’
910 1572 950 1670 ἧς
972 1580 1009 1651 τό

44 1685 209 1776 Ῥωμαίων
224 1676 269 1774 ἦν
285 1689 398 1774 γένος,
423 1681 468 1766 τός
485 1686 541 1754 καὶ
559 1681 722 1774 πρότερόν
738 1713 794 1773 μοι
813 1683 1007 1806 δεδήλφται.
1029 1705 1060 1752 16

49 1785 124 1857 οἶδ’
145 1793 184 1858 ἐν
205 1785 309 1876 ταύτη
333 1791 563 1865 κατοικοῦντες
586 1783 696 1856 πάντα
719 1784 917 1877 πρότερον
905 1780 1009 1855 τόοντο

49 1895 116 1960 δεῖν
131 1881 366 1979 ὑπομένειν,
345 1915 366 1976 η
382 1884 420 1958 τό
439 1885 521 1977 πρὸς
537 1885 615 1969 τούς
629 1884 830 2059 ιἰποχόνουςὲ
830 1908 927 1977 σφων
936 1880 1009 1957 “·Ρω

48 1999 161 2078 μαίους
187 1988 307 2061 πιστὸν
325 1993 567 2078 ἐγκαταλιπεῖν.
614 1990 830 2078 ἐγένοντολ
790 2019 851 2079 μν
874 1978 936 2061 οὖν
953 1991 1010 2058 και

49 2100 250 2215 τειχομαχίαι
272 2091 360 2170 τινες
377 2088 497 2161 αὐτόθι
516 2094 674 2215 καρτερμὶ
691 2094 747 2161 καὶ
765 2088 829 2212 πρό
846 2096 915 2161 τάν
935 2094 1009 2213 ἐρυ-

48 2191 155 2279 μάτων
179 2189 283 2276 όξεῑαι
306 2189 422 2282 μάχαι·
457 2190 497 2262 οὐ
515 2190 582 2280 μὴν
607 2189 693 2262 ἑάλω
710 2222 748 2281 γε
766 2189 803 2261 τό
821 2207 926 2280 τεῖχος
944 2189 1009 2260 άπὸ
1027 2210 1061 2260 20

50 2293 185 2381 κράτους
197 2298 238 2383 τῇ
252 2291 367 2383 πρύτη
382 2291 507 2385 ἐφόδφ,
524 2287 598 2361 ἄλλ’
621 2291 729 2362 ἐδόκει
746 2290 869 2411 χρόνον
883 2296 1009 2361 δεῖν
969 2320 1009 2379 τη

50 2403 210 2486 πολιορκί
198 2424 220 2463 α
185 2397 301 2464 ίκαὶ
324 2399 448 2484 τριβῆς.
465 2389 627 2473 άποστάς
645 2382 707 2461 ούν
725 2398 783 2480 τῆς
799 2398 1010 2515 τειχομαχιας

50 2489 252 2588 όΜάρκιος,
270 2494 512 2584 περιετάφρευε
529 2491 643 2587 κύκλῳ
661 2521 723 2583 την
740 2490 840 2563 πόλιν
856 2490 947 2561 κάλ’
930 2518 1009 2561 απε-

50 2598 208 2687 σταύρου,
226 2594 284 2677 τάς
301 2594 402 2677 ὁδούς
419 2594 650 2685 φυλάττων,”
635 2624 690 2665 ινα
707 2592 789 2683 μήτε
806 2589 911 2683 άχορά
928 2590 1010 2682 μήτε

15 2701 219 2789 μθίπικουρία
238 2726 288 2779 τις
307 2695 420 2777 αὐτοῖς
444 2700 571 2779 ἔξωθεν
594 2698 818 2784 προσγένοιτο.
858 2693 1010 2784 Ῥωμαῖοι
1028 2715 1061 2763 25

53 2799 85 2867 δὲ
101 2803 170 2871 τοῖν
193 2828 230 2870 τε
254 2799 510 2886 κεκρατημένων
540 2794 605 2886 ἤδη
629 2795 761 2868 πόλεων
784 2797 843 2868 τὸν
866 2794 1011 2885 όλεθρον

51 2894 241 2988 ἀκούοντες,
272 2901 328 2969 καί
351 2902 420 2969 τοῖν
442 2902 685 2987 προσθεμένων
707 2904 753 2991 τῷ
778 2905 925 2989 Μαρκίῳ
949 2896 1011 2983 τὴν

52 2996 213 3091 ἀνάγκην,
232 3018 309 3081 ταῖς
326 3028 363 3073 τε
380 3006 574 3090 πρεσβείαις
591 2998 824 3089 ἐνοχλούμενοι
841 3012 913 3078 ταῖς
931 2992 1011 3086 άφι-

53 3106 244 3193 κνουμίναις
263 3100 308 3183 ὡς
326 3098 447 3182 αύτούς
464 3095 625 3190 ὁσημέραι
642 3096 731 3188 παρά
744 3104 817 3169 τάν
834 3102 1011 3188 μενουσῶν

55 3205 87 3269 ἐν
102 3209 142 3293 τῇ
159 3211 256 3296 φιλίᾳ
270 3205 326 3273 καί
341 3204 509 3291 δεομένων
523 3208 696 3290 βοηθείας,
709 3204 771 3271 τού
783 3228 819 3270 τε
827 3206 1011 3273 Λαουινίου
1029 3221 1062 3269 30

55 3301 108 3372 τὸν
123 3304 368 3396 περιτειχισμόν
391 3300 621 3393 ὀρρωδοῦντες
646 3305 683 3371 ἐν
700 3303 816 3391 χερσὶν
833 3298 930 3385 ὄντα,
954 3300 1010 3367 καὶ

58 3410 84 3470 εί
98 3403 172 3476 τόδε
188 3409 225 3476 τό
243 3404 408 3495 φρούριον
424 3400 587 3473 άλοόσεται
604 3399 663 3472 τόν
681 3401 826 3490 πόλεμον
850 3402 903 3467 ἐπὶ
922 3402 1010 3486 σφᾶς
