2384 3850
460 136 502 146 -
545 103 585 162 H
623 53 682 145 -’
986 102 1045 167 157

74 278 138 345 τοῦ
154 271 297 364 χάρακος
315 281 402 362 ἔγνω
421 272 485 345 σύν
502 270 646 364 ὀλίγοις,
670 274 748 357 τούς
768 305 804 347 τε
814 280 970 361 Χπελέκεις
987 274 1046 359 ούς

75 388 305 465 προηγεῖσθαι·
318 379 387 446 τῶν
405 384 601 466 στρατηγῶν
619 384 699 460 ἔθος
722 368 765 465 ἦν
783 374 975 449 ἀποθέσθαι
993 407 1045 449 κε-

74 477 199 559 λεύσας
215 493 285 559 τοῖς
302 472 501 569 ὑπηρέταις,
526 481 581 549 καί
606 476 664 561 τάς
682 478 831 571 ῥάβδους
848 477 930 550 ὅταν
949 478 1046 570 ἐγγύς

74 584 135 669 τῆς
151 576 275 669 μητρὸς
291 583 429 668 γένηται
446 588 667 651 καταστεῖλαι.
701 585 808 652 ταῦτα
827 582 863 651 δέ
876 579 1045 706 Ῥωμαίοις

76 683 146 752 ἐστὶ
164 698 275 752 ποιεῖν
293 678 420 769 ἔδος,”
402 710 484 751 οταν
496 680 670 754 ὑπαντῶσι
683 700 755 765 ταῖς
768 679 948 773 μείζοσιν’
927 701 1046 773 αρχαῖς
1081 707 1097 755 5

75 780 190 865 οίτάς
215 778 421 863 έλάττους’
402 780 504 874 αρχάς
530 792 680 874 ἔχοντες,
711 813 756 867 ως
781 786 838 855 καὶ
867 788 963 908 μέχρι
985 788 1047 855 τού

75 882 155 955 καθ’
184 878 269 973 ἡμᾶς
291 881 415 974 χρόνου
438 892 582 973 γίνεται
615 881 660 973 ἣν
691 884 733 975 δὴ
759 884 834 957 τότε
858 886 1047 975 σννηθειαν

74 984 256 1077 φυλάττων
272 980 290 1056 6
309 984 475 1111 Μάρκιος,
494 982 539 1070 ὦς
557 992 690 1081 ἐξουσία
707 996 832 1110 μείζονι
849 990 1031 1078 μέλλωυί
999 1017 1046 1070 ες

73 1084 177 1159 ταύτο
164 1085 306 1177 ἥξειν,
331 1087 441 1160 πάντα
458 1086 660 1160 ἀπέθετο
624 1118 665 1159 τα
682 1095 741 1179 τῆς
760 1096 848 1172 ἰδίας
866 1089 1048 1182 παράσημα
1129 1082 1132 1086 ’

73 1187 189 1310 ἀρχῆς.
234 1188 380 1279 τοσαύτη
405 1189 546 1315 περὶ’
505 1189 610 1262 αυτδν
633 1219 677 1280 ην
695 1189 799 1275 αίδώς
822 1193 879 1262 καὶ
904 1191 1046 1282 πρόνοια
1065 1213 1097 1262 10

73 1296 135 1381 τῆς
152 1290 235 1379 πρὸς
252 1288 290 1361 τδ
308 1293 403 1380 γένος
422 1289 602 1382 εὐσεβείας.

153 1389 445 1465 XXXXV.'E2152
466 1395 503 1464 δὲ
521 1394 687 1484 σύνεγγυς
706 1391 861 1482 άλληλωυ
879 1396 1045 1484 ἐγένοντο,

75 1494 193 1586 πρώτη
217 1495 343 1586 μέν’
302 1500 393 1590 αυτῷ
425 1498 649 1586 δεξιωσομένη
672 1499 868 1584 προσῆλθεν
893 1494 914 1583 ἡ
938 1495 1046 1586 μήτηρ

76 1597 227 1688 πένθιμά
243 1626 280 1669 τε
297 1594 507 1687 ἠμφιεσμένη
524 1595 628 1689 τρύχη
653 1598 709 1666 καὶ
726 1593 784 1676 τάς
803 1592 936 1684 ὁράσεις
955 1601 1046 1667 έκτε-

11 1725 12 1740 ’
76 1717 198 1789 τηκυῖα
226 1695 294 1782 Ιὑπὸ
319 1702 388 1770 των
413 1698 582 1791 δακρύων,
616 1695 743 1788 ἐλεεινὴ
774 1695 915 1789 σφόδρα.
960 1694 1004 1786 ἣν
1026 1692 1096 1768 615

79 1800 233 1894 Μάρκιος
253 1800 337 1872 ίδών
354 1798 511 1890 άτεγκτος
527 1803 609 1883 τέως
623 1805 679 1871 καὶ
692 1798 840 1921 στερρός,
859 1794 928 1881 οἷος
942 1797 1047 1869 ἅπασι

13 1918 68 1972 1610
75 1919 146 1986 τοῖς
164 1900 315 1994 άνιαροῖς
333 1900 502 2029 άντέχειν,
525 1901 632 1975 οὐδὲν
650 1910 699 1975 ἔτι
715 1906 783 1976 των
801 1903 1047 1992 λελογισμένων

76 2005 260 2097 φυλάττειν
279 2004 392 2086 ίκανδς
409 2025 464 2105 ην,
482 2001 601 2076 άλλ”’
574 2034 676 2099 φχετο
693 2004 877 2098 φερόμενος
894 2003 962 2075 ὑπὸ
978 2008 1047 2076 τῶν

77 2113 202 2179 παθῶν
227 2110 281 2178 ἐπὶ
312 2105 349 2178 τὸ
374 2105 610 2197 ἀνθρώπινον,
642 2109 698 2178 καὶ
724 2104 917 2198 περιβαλων
940 2104 1047 2195 αύτην

76 2208 241 2300 ησπάζετο
272 2212 329 2279 καὶ
358 2225 431 2291 ταῖς
460 2205 612 2300 ηδίσταις
643 2227 774 2299 φωναῖς
803 2206 959 2279 άνεκάλει
989 2209 1046 2277 καί
1064 2226 1097 2274 20

77 2315 174 2402 μέχρι
191 2315 319 2382 πολλου
336 2318 463 2382 κλαίων
480 2339 516 2382 τε
533 2313 590 2381 καὶ
608 2312 779 2398 περιέπων
791 2326 944 2398 κατεῖχεν
958 2312 1046 2378 ἐκλε-

78 2416 228 2503 λυμένην
244 2414 301 2483 καί
320 2414 466 2503 ῥέουσαν
484 2415 537 2483 ἐπὶ
555 2409 617 2500 τὴν
635 2417 707 2500 γῆν.
737 2405 782 2492 ὥς
801 2412 838 2480 δὲ
855 2413 923 2485 τῶν
940 2405 1046 2479 άσπα-

78 2518 173 2605 σμων
190 2520 249 2604 τῆς
266 2512 388 2604 μητρὸς
405 2513 478 2596 ἅλις
497 2514 576 2605 εἶχε,
595 2513 658 2602 τὴν
674 2529 821 2602 γυναῖκα
839 2515 1046 2603 προσελθού-

79 2641 144 2688 σαν
161 2615 404 2706 δεξιωσάμενος
424 2615 492 2706 ἅμα
509 2633 579 2698 τοῖς
596 2619 725 2698 τέκνοις
756 2613 865 2686 εἶπεν·
901 2611 1047 2702 Ἀγαθῆς

78 2718 237 2806 γυναικὸς
264 2724 363 2809 ἔργον
387 2721 562 2807 ἐποίησας,
594 2708 621 2788 ὦ
648 2713 881 2807 Οὐολουμνία,
905 2724 1047 2806 μείνασα
1064 2733 1097 2781 25

78 2820 168 2909 παρὰ
185 2824 227 2911 τῇ
243 2827 347 2910 μητρί
360 2849 438 2910 μου,
456 2823 512 2890 καὶ
529 2817 593 2890 ούκ
612 2823 876 2908 ἐγκαταλιποῦσα
894 2815 956 2905 τὴν
975 2820 1047 2906 έρη·

79 2928 159 3010 μίαν
178 2919 280 3010 αὐτῆς
299 2929 410 3012 ἔμοιγε
427 2925 547 2993 πασῶν
563 2917 705 3010 ἡδίστην
718 2918 891 3010 κεχάρισαι
905 2915 1046 3007 δωρεάν.

80 3020 161 3111 μετά
177 3027 282 3094 ταύτα
299 3028 368 3095 τῶν
385 3029 532 3094 παιδίων
549 3021 709 3111 ἑκάτερον
725 3018 973 3111 προσαγόμενος
990 3021 1047 3089 καὶ

79 3124 155 3208 τούς
179 3123 409 3217 προσήκοντας
433 3122 629 3215 ἀσπασμούς
653 3120 817 3211 άποδούς,
847 3124 1048 3212 ἐπέστρεφεν

81 3218 182 3310 αὖθις
207 3224 291 3319 πρὸς
314 3225 376 3317 τὴν
399 3229 524 3317 μητέρα
560 3229 618 3296 καὶ
643 3229 754 3314 λέγειν
779 3226 934 3296 ἐκέλευσε
956 3231 1047 3302 τίνος
1064 3242 1099 3290 80
1181 3307 1182 3310 χ

10 3350 11 3353 ’
82 3332 222 3420 δεομένη
241 3327 412 3419 πάρεστιν.
448 3324 533 3419 ἡδὲ
550 3327 687 3399 πάντων
710 3324 904 3397 ἀκουόντων
922 3331 1047 3412 ἔφησεν

83 3434 187 3522 ἐρεῖν,
219 3427 362 3511 οὐθενὸς
386 3431 450 3522 γάρ
474 3428 615 3501 ἀνοσίου
641 3426 839 3517 δεήσεσθαι,
866 3421 1047 3513 παρεκάλει
