2384 3850
444 131 649 190 ..Η-

67 297 122 389 χάς
141 304 177 370 ἐν
194 298 306 384 ἀλλοις
323 330 360 373 τε
385 306 486 394 ἱεροῖς
504 300 667 393 ἀνέθηκε,
692 309 747 374 καὶ
771 304 813 395 δὴ
831 312 887 378 καὶ
904 337 944 399 τη
963 307 1033 398 Δη-

65 430 162 491 μητρι
178 400 256 483 τούς
273 408 433 492 χαλκέους
453 402 655 496 ἀνδριάντας
676 412 876 498 ἐπιγραφαῖς
892 415 1032 500 δηλούν-

66 532 120 585 τας
134 499 196 592 ἀφ’
219 495 268 575 ύν
288 512 353 575 είσι
366 503 545 630 χρημάτων
559 505 714 599 ἀπαρχαί.
737 515 769 579 εί
786 511 827 579 δέ
836 538 876 598 με
890 509 908 580 ὃ
922 512 1029 602 πατὴρ

14 614 56 669 λου
45 602 212 694 ομηνυτής
234 633 271 675 τε
288 608 344 676 καὶ
337 606 565 733 κατήγορος
568 612 625 679 καὶ
643 608 805 698 κολαστὴς
830 610 934 682 αὐτοῦ
959 616 1032 700 ἐγέ-

65 734 152 795 νετο,
177 702 250 777 οὔτ’
270 703 314 777 ἀν
328 737 416 796 ηκ
337 706 416 779 ὀίκ
418 708 567 781 ίααύτού
584 711 777 801 κατεσκάφη
801 709 877 784 ούπε
895 708 916 802 ἡ
934 710 1032 783 ούσία
1068 736 1084 784 5

65 807 247 897 ἐδημεύθη.
290 803 459 899 Ῥωμαίοις
487 809 553 902 χάρ
582 808 690 883 οὐθὲν
714 810 803 885 ίδιόν
833 818 901 885 ἐστι
925 819 1032 904 κτημα

65 908 197 991 ζύντων
220 916 270 980 ἔτι
288 918 357 982 τῶν
375 910 655 1006 πατέρωυ,,ἀλλά
678 912 789 984 καὶ
752 942 796 984 τα·
810 913 958 1006 χρήματα
976 919 1031 986 καὶ

65 1007 104 1079 τά
125 1010 262 1101 σώματα
293 1015 362 1083 των
386 1020 519 1084 παίδων
542 1010 562 1084 ὅ
584 1043 616 1084 τι
639 1014 820 1104 βούλονται
844 1020 1032 1089 διατιθέναι

65 1126 132 1194 τοῖς
155 1111 321 1205 πατράσιν
344 1112 553 1187 ἀποδέδοται.
595 1114 680 1187 ὥστε
703 1114 765 1189 ούκ
782 1112 825 1188 ἀν
844 1117 953 1208 δήπου
970 1118 1033 1208 την

64 1217 123 1283 τού
147 1212 272 1305 πατρὸς
296 1211 419 1287 ούσίαν
444 1219 505 1287 τού
526 1215 738 1307 μηνύσαντος
761 1219 822 1311 τὴν
845 1227 1032 1312 τυραννίδα
1052 1242 1083 1289 10

67 1316 119 1384 ἐπὶ
132 1324 207 1397 ’τοῖς
224 1320 284 1387 τού
302 1317 422 1401 παιδὸς
440 1315 644 1408 ἀδικήμασιν
660 1319 881 1410 ἀφαιρεῖσθαι
900 1325 956 1392 καὶ
976 1328 1032 1411 δη-

64 1414 180 1504 μεύειν
197 1414 219 1505 ἡ
238 1416 333 1500 πόλις
350 1416 456 1508 ἠξίου.
484 1418 540 1490 διά
557 1421 620 1509 μὲν
639 1420 681 1510 δη
698 1427 802 1492 ταῦτα
819 1428 864 1516 τῷ
883 1425 1031 1515 προτέρῳ

65 1526 350 1651 συγκατατίθεμαι
372 1524 441 1592 τοῖν
465 1520 575 1611 λόγων
601 1526 744 1611 μᾶλλον·
779 1531 886 1611 ἔθηκα
911 1525 949 1593 δέ
972 1521 1032 1612 ἀμ-

64 1623 225 1711 φοτέρους
243 1627 300 1693 ινα
319 1625 375 1714 ἐξῇ
392 1639 462 1704 τοις
480 1619 769 1713 ἀναγνωσομένοις
787 1621 934 1718 ὁποτέρῳ
954 1623 1031 1712 βού-

65 1729 179 1792 λονται
196 1726 264 1792 τῶν
281 1722 391 1813 λόγων
407 1728 595 1815 προσέχειν.
1014 1750 1081 1797 15

140 1824 276 1894 LXXX.
299 1823 592 1917 Ἐπιβαλλομένων
612 1832 651 1899 δέ
667 1856 770 1900 τινων
787 1824 937 1909 καὶτοὺς
956 1844 1031 1897 παῖ-

15 1919 16 1925 *
65 1932 124 2008 δας
142 1922 337 2000 ἀποκτείναι
359 1958 419 1999 του
407 1932 608 2021 Κασσίου,
636 1928 799 2003 δεινὸυ
766 1960 802 2001 το
821 1937 900 2012 ἔθος
919 1933 1032 2013 ἔδοξεν

65 2027 154 2099 εἶναι
186 2034 226 2120 τῇ
258 2034 364 2121 βουλῇ
395 2033 452 2100 καὶ
477 2028 692 2124 ἀσύμφορον·
732 2035 787 2104 καί
819 2035 1034 2104 συνελθοῦσα

65 2133 251 2220 ἐψηφίσατο
282 2128 445 2220 ἀφεῖσθαι
467 2131 508 2203 τά
530 2132 686 2226 μειράκια
712 2140 771 2223 τῆς
794 2144 953 2225 τιμωρίας
977 2137 1033 2204 καὶ

65 2236 118 2302 ἐπὶ
143 2230 234 2325 πάση
258 2232 356 2325 ἀδείηι
374 2238 450 2323 ζῆν,
482 2232 565 2323 μήτε
589 2238 686 2325 φυγῇ
707 2233 790 2325 μήτε
813 2231 927 2328 ἀτιμία
951 2235 1033 2325 μήτε
1051 2259 1083 2306 20

64 2331 149 2425 ἀλλη
166 2339 325 2428 συμφορᾷ
343 2337 559 2425 ζημιωθέντα.
605 2340 662 2406 καὶ
685 2339 719 2417 ἐξ
743 2337 873 2405 ἐκείνου
894 2335 932 2405 τὸ
955 2343 1033 2417 ἔθος

15 2441 160 2508 ιίθιτούτο
187 2431 356 2527 Ῥωμαίοις
387 2434 565 2527 έπιχύριον
594 2441 734 2526 μέμονεν
766 2439 827 2517 ἕως
857 2439 915 2525 τῆς
949 2432 1031 2506 καθ’

63 2538 151 2629 ἡμᾶς,
164 2537 428 2630 διατηρούμενον
440 2533 582 2627 ἡλικίας,
601 2535 764 2628 ἀφεῖσθαι
776 2545 936 2627 τιμωρίας
950 2534 1032 2606 ἀπά-

65 2665 123 2730 σης
142 2638 222 2722 τούς
239 2646 363 2722 παῖδας
382 2630 431 2709 οἷν
449 2634 492 2711 ἀν
509 2645 544 2711 οἱ
564 2641 703 2732 πατέρες
721 2636 944 2730 ἀδικήσωσιν,
974 2637 1033 2710 έάυ

64 2771 96 2812 τε
113 2739 295 2832 τυράννωυ
316 2739 411 2822 ὄντες
433 2743 502 2812 υίοὶ
526 2740 688 2833 τύχωσιν,
715 2740 774 2814 έάν
795 2771 831 2813 τε
853 2739 1033 2833 πατροκτό-
1051 2764 1083 2812 25

64 2872 146 2932 νων,
165 2841 225 2914 ἐάν
241 2871 278 2912 τε
295 2845 480 2934 προδοτῶν,
498 2839 517 2913 δ
534 2841 690 2934 μέγιστόν
709 2847 777 2915 έστι
793 2841 871 2934 παρ’
894 2847 1033 2923 ἐκείνοις

65 2945 222 3034 ἀδίκημα.
268 2951 359 3016 οἵτε
384 2948 566 3017 καταλῦσαι
592 2946 630 3016 τὸ
656 2953 734 3027 ἔθος
757 2950 856 3016 τούτο
880 2941 1032 3031 ἐπιβαλό-

65 3074 160 3136 μενοι
177 3044 261 3116 κατά
280 3043 358 3127 τούς
375 3041 556 3139 ’ἡμετέρους
578 3046 721 3139 χρόνους
738 3043 820 3135 μετά
837 3044 899 3134 τὴν
917 3048 1033 3117 συντέ-

66 3161 160 3221 λειαν
177 3155 237 3218 τού
255 3154 437 3238 Μαρσικοῦ
464 3178 500 3221 τε
523 3150 580 3219 καὶ
599 3152 765 3239 ἐμφυλίου
789 3149 952 3237 πολέμου,
977 3149 1032 3217 καὶ

66 3248 144 3332 τούς
156 3256 281 3332 παῖδας
292 3252 360 3320 τῶν
375 3253 669 3341 ἐπικηρυχθέντων
683 3250 737 3320 ἐπὶ
751 3245 868 3320 Σύλλα
880 3251 1034 3338 πατέρων
1052 3271 1084 3318 30

67 3349 267 3444 ἀφελόμενοι
283 3351 320 3422 τό
338 3354 485 3442 μετιέναι
503 3351 561 3433 τάς
579 3355 739 3442 πατρίους
758 3347 861 3443 ἀρχὰς
880 3352 935 3420 καὶ
953 3356 1032 3436 βου·

68 3464 125 3546 λης
152 3455 302 3544 μετέχειν
336 3449 417 3524 καθ’
449 3450 491 3524 ὃν
521 3450 748 3524 ἐδυνάστευον
778 3449 872 3524 αύτοὶ
899 3448 1031 3539 χρόνον,
