2384 3850
436 83 642 143 ..Η-

34 252 36 347 ή
62 259 97 325 οί
112 256 186 345 περὶ
197 258 267 326 τῶν
284 254 457 343 σφετέρων
469 251 726 335 κινδυνεύοντες
745 256 801 324 καὶ
816 261 864 338 είς
877 254 918 326 τά
930 253 1028 346 ὅμοια

34 402 35 413 1
62 361 169 438 κακῶς
183 352 252 426 ὑπὸ
269 359 333 427 σοῦ
349 352 549 445 πάσχοντες,
568 350 639 425 ἄλλ’
658 361 706 438 είς
724 355 898 446 αἰκισμοὺς
917 353 1030 430 αὐτῶν

64 454 193 539 δεινούς
214 458 271 527 καί
288 453 405 548 ὕβρεις
427 453 580 546 ἀνηλεεῖς
603 459 660 528 καὶ
676 459 791 528 πάσαν
807 453 914 547 άλλην
934 459 1029 531 ίδέαν

61 561 338 648 προπηλακισμοῦ
353 556 565 650 χωρήσουσιν
581 556 650 629 ὑπὸ
666 561 735 629 τῶν
752 561 938 650 συμφορῶν
955 567 1028 648 βια·
1049 594 1057 600 ·

61 657 203 749 ζόμενοι·
236 662 294 730 καὶ
322 657 452 731 τούτων
480 656 543 750 ούχ
573 663 609 731 οί
630 664 792 751 δρῶντες,
824 656 897 731 ἁλλ’
924 655 943 731 ό
967 658 1029 750 τήν
1064 686 1080 736 ο

61 758 209 851 άνάμκην
226 756 342 842 αύτοίς
359 763 523 843 ἐπιτιθεὶς
540 771 645 844 αίτιος
663 768 722 853 ἐσῃ
741 759 799 832 σύ·
827 756 950 850 ἡδονάς
968 764 1030 852 μὲν

64 859 104 950 δή
136 859 292 944 τοιαύτας
328 861 490 955 καρπῶσῃ
524 859 609 934 κατά
642 861 782 954 γνῶμην
814 860 1029 955 χωρήσαντός

63 982 113 1033 σοι
129 967 231 1035 τοῦδε
252 968 314 1035 τού
331 970 448 1056 ἔργον,
469 971 609 1036 ἐπαινον
627 963 666 1035 δέ
684 956 752 1062 [δή]
772 967 829 1035 καί
853 966 951 1055 ζήλου
973 967 1029 1035 καὶ

26 1061 166 1154 λθτιμάς,
196 1055 246 1136 ῶν
275 1063 457 1157 ὀρέγεσθαι
490 1062 554 1157 χρή
589 1061 670 1148 τούς
703 1061 854 1155 ἀγαθούς
888 1055 1028 1159 ἄνδρας,

61 1164 176 1238 σκόπει
192 1171 293 1250 ποίας
317 1165 398 1257 [καί]
424 1171 534 1249 τίνας·
562 1165 784 1260 μητροκτόνος
806 1167 953 1260 κεκλήσῃ
971 1170 1028 1238 καὶ
1047 1190 1078 1239 10

62 1264 265 1358 παιδοφόνος
299 1269 357 1338 καὶ
391 1265 550 1357 γυναικός
584 1265 753 1359 ἀλιτήριος
783 1271 839 1340 καὶ
869 1276 1029 1360 πατρίδος
1055 1291 1061 1300 ·

62 1365 230 1459 ἀλάστωρ,
248 1373 305 1441 καὶ
318 1366 397 1441 ούτε
408 1373 543 1441 θυσιῶν
555 1365 632 1441 οὔτε
646 1373 805 1441 σπονδῶν
818 1366 897 1441 οὔθ’
918 1347 1029 1452 ἕστῶς

62 1465 135 1541 όποι
151 1469 226 1542 ποτ’
253 1466 297 1542 άν
314 1466 430 1561 άφίκῃ
444 1487 622 1542 κοινωνεῖν
646 1469 801 1560 ἐθελήσει
818 1491 871 1541 σοι
888 1475 957 1542 τῶν
975 1467 1029 1542 εύ-

64 1574 171 1660 σεβῶν
186 1573 245 1642 Ικαὶ
264 1577 405 1643 δικαίων
421 1567 557 1660 οὐθείς,
576 1568 691 1654 αὐτοῖς
708 1598 745 1642 τε
758 1569 820 1641 οὐκ
833 1578 894 1662 ἐσῃ
908 1578 1028 1661 τίμιος,

64 1669 109 1754 οἷς
126 1670 267 1745 εύνοιαν
284 1671 539 1763 ἐνδεικνύμενος
555 1675 662 1743 ταῦτα
677 1675 775 1777 βρᾷς,
792 1669 878 1742 ἄλλά
895 1697 1027 1764 καρπον·
1048 1694 1080 1744 15

64 1773 201 1863 σάμενοί
221 1803 298 1847 τινα
316 1777 454 1856 ἕκαστος
476 1771 607 1845 τούτων
631 1776 668 1844 ἐκ
684 1777 753 1856 τῶν
770 1778 842 1845 σῶν
858 1770 1029 1863 άσεβημά-

63 1902 127 1946 των
144 1873 314 1967 ῶφέλειαν
329 1873 510 1967 μισήσουσι
526 1874 590 1965 τήν
603 1871 793 1948 αὐθάδειαν
819 1877 880 1948 τού
892 1873 1027 1968 τρόπον.

65 1978 105 2046 ἐῶ
126 1976 192 2069 γάρ
215 1980 344 2068 λέγειν,
369 1974 419 2050 ότι
442 1979 545 2069 χωρὶς
567 1980 629 2048 τοῦ
652 1985 788 2069 μίσους,
813 1975 832 2055 ἃ
854 1977 944 2069 παρά,
962 1971 1030 2050 τῶν

64 2077 316 2150 ἐπιεικεστάτων
333 2081 433 2169 ἕξεις,
460 2080 518 2149 καί
535 2077 665 2169 φθόνος
683 2074 908 2170 ἀπαντήσεται
925 2077 1030 2161 πολύς

65 2181 99 2249 ἐκ
125 2184 196 2251 τῶν
226 2190 312 2252 ἐσοιν
337 2183 393 2250 καὶ
423 2177 530 2271 φόβος
557 2185 594 2251 ἐκ
622 2185 691 2252 τῶν
713 2175 870 2270 ήσσόνων
900 2182 955 2251 καὶ
981 2178 1026 2250 δι’
1047 2202 1081 2251 20

63 2275 159 2371 ἄμφω
181 2285 287 2352 ταῦτα
311 2283 487 2369 ἐπιβουλαὶ
509 2284 566 2352 καὶ
583 2278 673 2351 ’άλλα
691 2278 798 2351 πολλοὶ
815 2285 871 2350 καί
888 2279 1027 2371 χαλεπά,

65 2375 123 2451 ὅσα
141 2380 230 2465 είκδς
248 2398 433 2472 συμπεσεῖν
450 2379 553 2474 άνδρλ
570 2379 681 2474 ἐρήμῳ
699 2386 811 2470 φίλων
828 2384 884 2450 καί
900 2386 937 2451 ἐν
950 2382 1028 2471 ξένῃ

63 2476 130 2553 όντι
153 2486 209 2575 μή.
248 2483 307 2566 τάς
330 2482 393 2575 γάρ
420 2480 463 2573 δή
486 2480 577 2575 παρά
601 2486 696 2554 θεῶν
718 2512 754 2553 τε
777 2484 834 2551 καὶ
859 2481 1029 2571 δαιμόνῶν

66 2584 329 2676 ἐπιπεμπομένας
346 2601 415 2667 τοῖς
432 2580 553 2656 άνόσια
569 2585 627 2655 καί
642 2582 737 2655 δεινά
751 2584 1029 2673 διαπραξαμένοις

65 2684 196 2775 ἐρινύας
214 2690 275 2777 ἐῶ,
289 2681 350 2775 ὑφ’
369 2675 417 2757 ῶν
430 2685 631 2775 αἰκιζόμενοι
644 2682 752 2776 ψυχάς
766 2713 804 2757 τε
818 2688 874 2756 καὶ
892 2683 1030 2776 σῶματα
1048 2706 1081 2756 25

66 2787 184 2872 κακούς
200 2788 264 2879 μέν
282 2789 476 2860 διαντλοῦσι
493 2794 601 2878 βίους,
620 2787 754 2878 οἰκτράς
772 2788 810 2859 δέ
822 2783 1029 2877 ὑπομένουσι

18 2888 225 2972 λοιτελευτάς.
251 2891 358 2960 ταῦτα
375 2893 603 2979 ἐνθυμηθείς,
622 2880 649 2959 ῶ
667 2887 819 2981 Μάρκιε,
837 2884 1030 2978 μετάβνωθι

69 2991 120 3059 καὶ
136 2996 264 3062 παῦσαι
281 2994 498 3080 μνησικακῶν
519 2995 562 3081 τῇ
580 2994 723 3062 σεαυτοῦ
746 2996 897 3079 πατρίδι·
924 2986 1030 3079 τύχην
1164 3004 1165 3027 ²

69 3114 102 3159 τε
129 3090 265 3164 πάντων
300 3098 413 3180 αἰτίαν
435 3090 646 3182 ἡγησάμενος
678 3081 727 3161 ῶν
750 3092 928 3172 πέπονθας
947 3087 1030 3181 πρός
1163 3086 1164 3105 ί

70 3185 158 3278 ἡμῶν
174 3190 195 3284 ἣ
213 3196 378 3286 δέδρακας
395 3192 481 3283 ἡμᾶς
498 3198 632 3283 κακῶν,
653 3188 754 3261 άπιθι
771 3199 898 3283 χαίρων
917 3193 972 3262 ἐπὶ
987 3189 1028 3261 τά
1045 3213 1080 3263 30

70 3297 181 3386 οίκεία,
199 3299 255 3367 καὶ
272 3294 407 3386 κόμισαι
423 3292 546 3386 μητρός
561 3323 598 3365 τε
611 3290 790 3383 περιβολὰς
803 3290 1028 3383 προσηνεστά·

72 3417 125 3475 τας
141 3399 195 3467 καὶ
211 3394 371 3488 γυναικός
392 3391 646 3487 φιλοφροσύνας
665 3388 805 3482 ήδίστας
827 3396 884 3463 καλ
901 3394 1029 3462 τέκνων
1149 3391 1154 3408 ”
