2384 3850
162 108 226 176 ιιι
506 73 751 166 ’-ε-

165 278 379 355 Οὐιεντανῶν
397 277 585 372 στράτευμα
602 279 685 369 πρὶν
701 287 884 349 συνελθεῖν
907 304 943 348 τε
966 277 1023 346 καλ
1042 283 1172 366 λοχι-ι

86 471 90 478 ι
162 385 290 474 σθῆναι
307 379 384 464 τούς
397 380 578 472 Ρωμαίους
596 376 756 451 ἀπελθόν.

239 481 314 555 XV.
341 488 580 573 Συναχθείσης
599 482 638 552 δέ
649 478 731 571 μετὰ
743 487 840 552 τοῦτο
857 483 916 568 τῆς
928 473 1089 568 βουλῆς
1068 476 1141 547 υπὸ

163 589 231 658 τῶν
247 584 398 675 ύπύτωυ,
417 586 473 656 καὶ
491 585 640 668 σκέψεως
657 585 839 672 γενομένης
856 588 933 652 τίνα
947 578 1013 704 χρὴ
1034 589 1143 650 πολε-

129 701 240 779 ὅμεῖν
257 703 327 769 τοῖς
347 683 565 768 Οὐιεντανοῖς
582 710 724 775 τροπον,
742 713 764 774 η
786 687 916 755 νικῶσα
937 671 981 771 ἦν
1005 680 1142 771 γνώμη,

165 789 354 882 στράτευμα
378 787 581 878 συνεστηκὸς
610 794 699 876 ἔχειν
722 789 778 858 ἐπὶ
800 801 871 868 τοῖς
894 778 1057 876 όρίοις,“
1037 811 1056 853 ο
1081 782 1144 852 θιά

163 895 317 982 φυλακῆς
335 887 454 975 ἕξει
418 919 479 980 την
504 888 618 980 χῶραν
640 891 841 1012 θυραυλοῦν
863 888 921 956 καλ
944 893 981 956 αλ
966 889 1011 956 λεὶ
1034 886 1142 974 μένον

164 997 202 1062 έν
219 1008 288 1076 τοῖς
305 989 429 1074 ὅπλοις.
450 989 565 1061 έλύπει
584 986 619 1059 δ’
639 986 761 1072 αύτούς
777 987 801 1078 ἥ
817 1017 853 1059 τε
872 995 920 1069 είς
935 984 1014 1070 τούς
1027 1015 1142 1077 φρου-

165 1091 247 1184 ρούς
266 1091 400 1183 θαπάνη
417 1091 524 1180 πολλὴ
542 1089 677 1183 σφόδρα
691 1093 849 1181 έσομένη,
874 1092 936 1160 τού
957 1115 994 1159 τε
1018 1092 1140 1159 κοινοῦ

115 1205 148 1255 10
165 1201 318 1284 ταμιείου
337 1193 393 1264 όιά
410 1191 468 1275 τάς
492 1209 646 1283 συνεχεῖς
671 1199 847 1283 στρατείας
871 1191 1141 1286 ἐξαναλωμένου

164 1297 221 1366 καὶ
249 1301 318 1367 τῶν
345 1302 444 1366 ἰδίων
475 1302 561 1384 βίων
593 1292 823 1385 ἀπειρηκότων
847 1308 919 1374 ταῖς
947 1300 1138 1412 εἰσφοραῖς

164 1399 221 1468 καί
245 1403 294 1468 ἔτι
323 1401 450 1487 μᾶλλον
476 1426 497 1487 η
522 1399 591 1467 τῶν
622 1392 946 1484 ἀποσταλησομένων
975 1398 1140 1486 φρουρῶν

165 1525 364 1590 καταγραφη
399 1506 475 1570 τίνα
505 1497 630 1588 τρόπον
663 1493 707 1568 ἀν
731 1491 943 1586 γένοιτο,“
918 1525 963 1578 ως
997 1492 1062 1567 ούκ
1095 1491 1139 1566 ἀν
1152 1519 1179 1568 οῖ

165 1601 333 1672 εαονσίων
349 1602 390 1690 γέ
405 1629 508 1672 τινων
525 1597 790 1691 προκειμένων
773 1597 944 1688 απόντων,
963 1599 1021 1668 καὶ
1036 1625 1082 1686 μη
1072 1594 1138 1667 έκ

114 1709 147 1762 15
167 1705 325 1793 διαδοχῆς
354 1699 439 1772 ἀλλά
471 1706 620 1791 συνεχῶς
654 1709 881 1791 ταλαιπωρεῖν
908 1695 1138 1788 ὑποστησομέ-

164 1831 243 1874 νων.
267 1802 503 1893 ἀδημονούσης
523 1799 555 1871 ό’
575 1799 679 1890 αύτῆς
698 1798 751 1872 ἐπ’
778 1796 978 1892 ἀμφοτέροις
995 1798 1135 1889 τούτοις,

165 1906 431 1994 συγκαλέσαντες
456 1909 492 1974 ολ
514 1901 575 1975 δύο
600 1902 723 1992 Φάβιοι
752 1902 830 1986 τούς
859 1905 1054 1995 μετέχοντας
1077 1905 1138 1973 τού

166 2008 331 2096 σφετέρου
360 2011 480 2094 γένους
515 2006 572 2075 καλ
609 2003 874 2096 βουλευσόμενοι
914 2002 987 2095 μετ’
1024 2002 1136 2075 αύτῶυ

164 2101 350 2196 ὑπέσχοντο
384 2114 425 2198 τῇ
464 2109 572 2198 βουλῇ
601 2110 699 2177 τοῦτο
728 2107 766 2177 τὸ
800 2106 1009 2197 κινδύνευμα
1042 2102 1135 2188 αύτοὶ

113 2224 147 2275 20
165 2209 242 2299 περί
272 2206 409 2279 πάντων
438 2206 570 2289 ἑκόντες
602 2210 798 2299 ὑπομενεῖν,
828 2206 971 2290 πελάτας
999 2237 1036 2279 τε
1058 2206 1135 2289 τούς

165 2311 296 2380 ἑαυτῶν
314 2308 514 2401 έπαγόμευοι
531 2312 588 2380 καὶ
606 2318 726 2400 φίλους
744 2312 801 2381 καὶ
817 2315 926 2381 τέλεσι
950 2326 1019 2393 τοῖς
1038 2317 1134 2391 ίόίοις

94 2450 95 2455 1
164 2408 245 2481 ὅσον
268 2407 311 2482 ἀν
340 2410 461 2503 χρόνον
491 2410 676 2502 ἀπόλεμος
700 2416 841 2505 όιαμένη
868 2409 1147 2502 στρατευόμενοι..

164 2507 386 2600 ἀγασθέντων
414 2510 446 2583 δ’
471 2510 595 2595 αύτούς
618 2512 778 2584 ἀπόντων
808 2517 871 2584 τού
894 2520 1054 2603 γενναίου
1076 2517 1133 2602 της

164 2621 375 2704 προθυμίας,
405 2616 462 2683 καλ
485 2612 521 2685 τό
544 2619 645 2685 νικᾶν
674 2613 756 2704 παρ’
778 2620 817 2686 ἓν
845 2619 942 2687 τούτο
973 2613 1010 2686 τό
1037 2623 1132 2705 ἔργον

114 2729 149 2779 25
166 2716 372 2804 τιθεμένων,
397 2717 522 2786 κλεινοὶ
553 2719 609 2786 καὶ
640 2714 834 2806 περιβόητοι
862 2715 943 2788 καθ’
970 2714 1052 2805 ὅλην
1072 2716 1132 2805 τὴν

165 2813 265 2885 πόλιν
302 2812 396 2897 ὄντες
439 2814 579 2907 ἐξῄεσαν
618 2814 844 2906 ἀναλαβόντες
880 2818 921 2887 τά
955 2816 1043 2888 ὅπλα
1071 2818 1132 2888 σύν

36 2924 56 2955 “
164 2912 279 3006 εὐχαῖς
302 2918 359 2987 καὶ
381 2925 528 2999 θυσίαις.
566 2914 679 3007 ἡγεῖτο
704 2918 735 2990 θ’
764 2915 877 2989 αύτῶν
901 2918 1042 3009 Μάρκος
1066 2917 1130 2988 Φύ-

164 3016 275 3109 βιος’
261 3046 279 3088 ο
301 3022 350 3113 τῷ
375 3018 578 3110 παρελθόντι
601 3018 791 3101 ὑπατεύσας
816 3027 882 3090 έτει
912 3023 969 3091 καλ
997 3020 1131 3110 νικήσας

163 3116 243 3200 τούς
272 3118 467 3212 Τυρρηνούς
491 3128 532 3212 τῇ
554 3120 661 3214 μάχη,
687 3129 970 3212 τετρακισχιλίους
994 3120 1130 3211 μάλιστα

113 3240 146 3291 30
166 3213 428 3343 ἑπαγόμενος,
401 3250 450 3292 ων
467 3221 503 3293 τό
521 3252 584 3313 μιν
602 3231 719 3293 πλεῖον
744 3227 900 3294 πελατῶν
916 3252 953 3294 τε
971 3225 1026 3292 καὶ
1045 3226 1130 3294 εταί-

165 3349 235 3412 ρων
252 3311 307 3412 ἦν,
327 3327 364 3394 έκ
383 3324 420 3392 θι
437 3326 499 3393 τού
518 3330 660 3412 Φαβίων
676 3326 795 3449 χένους
821 3329 855 3407 ἓξ
873 3326 929 3396 καὶ
953 3323 1130 3413 τριακόσιοι

164 3420 296 3513 ἀνδρες.
317 3421 475 3495 amezo&
497 3423 611 3505 αὐτοις
625 3422 696 3514 μετ’
717 3453 758 3495 ου
747 3421 856 3497 ’πολύ
869 3423 954 3496 καλ“
936 3455 958 3515 η
966 3420 1131 3516 Ρωμαίων
1140 3443 1180 3494 1⁷8
