2384 3850
460 146 659 205 ,ρ-

2 331 72 386 1933
84 307 132 382 ῶν
154 318 215 383 τοῦ
237 312 403 386 θανάτου
431 312 467 396 δς
491 322 538 386 ἐτι
561 309 676 406 ὀλίγον
700 319 852 407 ἐμπνέων
875 317 1052 398 συνεκάλει

81 413 143 504 τὴν
160 413 296 503 βουλήν.
326 421 394 487 τῶν
411 416 445 488 δ’
467 425 503 489 ολ
517 426 653 500 πλείους
671 416 854 508 ἡμιθνῆτες
873 425 926 490 ἐπὶ
944 431 1051 492 κλινι-

84 523 168 587 δίων
190 519 405 607 κομισθέντες
429 522 484 589 καὶ
502 519 806 608 συνεδρεύσαντες,
828 517 1052 606 ἀπεκρίναντο

82 634 150 698 τοῖς
174 625 339 708 παροῦσιν
361 615 516 709 ἀγγέλειν
538 639 608 704 τοῖς
631 625 820 710 σφετέροις,
851 621 901 706 ὅτι
921 621 977 693 διά
993 629 1052 712 της

82 721 211 790 ἑαυτῶν
233 717 352 806 ἀρετῆς
374 723 451 804 τοῦς
475 731 653 813 πολεμίους
681 723 872 814 ἀμύνεσθαι
899 719 921 814 ἡ
944 725 1086 814 βουλήῡ

83 819 196 903 αὐτοῖς
224 825 407 910 ἐπιτρέπει,
438 829 551 915 μέχρις
573 821 617 895 ἀν
639 821 658 896 ὁ
676 824 801 909 ὕπατος
819 832 937 918 ῥαίσῃ,
956 828 1012 896 καὶ
1029 825 1052 914 ἡ

81 929 379 1015 συναγωνιουμένη
413 926 555 1016 δύναμις
585 925 698 1009 αὐτοῖς
729 918 894 1017 συναχθῇ.
947 931 1053 998 ταῦτα

76 1022 246 1111 Ῥωμαίων
269 1021 546 1117 ἀποκριναμένων
571 1040 710 1102 Λατῖνοι
738 1030 801 1118 μέν
834 1028 896 1099 ὅσα
925 1025 1054 1117 ἦδυνύ

81 1139 195 1214 θησαν
221 1131 257 1196 ἐκ
280 1132 348 1197 τῶν
371 1126 486 1217 ἀγρῶν
506 1138 552 1213 είς
570 1125 629 1213 κάς
647 1130 759 1214 πόλεις
777 1129 1054 1220 ἀνασκευασάμε-

81 1257 134 1299 νοι
159 1227 315 1317 φυλακὴν
341 1234 514 1303 ἐποιοῦντο
532 1237 601 1303 τῶν
617 1240 753 1321 τειχῶν,
777 1232 818 1303 τά
835 1233 875 1302 δέ
891 1229 976 1303 ἀλλα
993 1259 1054 1302 πε·
1072 1258 1106 1310 10

81 1328 232 1417 ριεῶρωυ
249 1328 471 1420 ἀπολλύμενα.
501 1330 654 1418 Ἕρνικες
672 1335 710 1404 δέ
729 1338 1054 1423 δυσανασχετοῦντες

82 1433 136 1499 ἐπὶ
159 1435 200 1521 τῇ
218 1427 307 1520 λύμη
332 1435 387 1500 καὶ
407 1438 576 1524 διαρπαγῇ
592 1432 811 1523 τῶυχάγρῶν,
829 1433 1054 1520 ἀναλαβόντες

80 1529 122 1601 τά
151 1527 238 1601 ὅπλα
269 1536 419 1621 ἐξῆλθον.
469 1531 715 1624 ἀγωνισάμενοι
744 1536 783 1606 δὲ
813 1538 971 1625 λαμπρῶς
998 1536 1053 1605 καὶ

81 1633 226 1716 πολλοῦς
243 1635 305 1722 μὲν
322 1631 577 1718 ἀποκτείναντες
594 1641 664 1707 τῶν
680 1645 862 1726 πολεμίων,
888 1643 1000 1729 πολλῷ
1018 1632 1052 1706 δ’

81 1743 130 1804 ἔτι
143 1743 279 1817 πλείους
292 1733 518 1832 ἀποβαλόντες
534 1742 605 1808 τῶν
621 1742 805 1826 σφετέρων,
820 1741 1054 1828 ἐκβιασθέντες
1072 1764 1105 1815 15

82 1843 130 1918 είς
144 1834 184 1905 τά
201 1843 292 1926 τείχη
306 1841 507 1928 κατέφυγον,
527 1843 582 1909 καί
597 1837 708 1910 ούκέτι
720 1838 826 1929 μύκης
840 1843 1027 1924 ἐπειρῶντο.

159 1938 307 2008 LXVm.
336 1945 477 2011 Αἰκανοί
501 1943 538 2012 δέ
561 1946 617 2012 καὶ
637 1940 844 2013 Οὐολοῦσκοι
868 1939 1055 2031 προνομεύ-

81 2063 202 2125 σαντες
225 2038 337 2112 αὐτῶν
360 2040 423 2130 τὴν
446 2041 575 2133 χῶραν,
604 2040 711 2126 ἀδεῶς
731 2045 786 2114 ἐπὶ
802 2041 880 2126 τοῦς
903 2040 1055 2115 Τυσκλά-

5 2160 72 2208 1934
80 2170 154 2213 υωυ
171 2140 295 2231 ἀγρούς
312 2139 483 2229 ἀφίκοντο.
525 2146 770 2228 διαρπάσαντες
788 2147 826 2214 δέ
843 2147 899 2215 καλ
917 2144 1056 2226 τούτους

82 2241 222 2325 οῦδενός
260 2240 474 2332 ἀμυνομένου
508 2251 666 2331 παρῆσαν
702 2253 750 2327 είς
785 2243 862 2326 τοῦς
897 2252 1056 2333 Γαβίνων
1072 2272 1107 2323 20

2 2368 8 2403 ι
80 2342 191 2430 ὅρους.
237 2345 413 2427 ἐλάσαντες
438 2346 475 2415 δὲ
498 2348 553 2415 καλ
581 2344 639 2415 διά
655 2344 776 2427 ταύτης
794 2344 903 2428 ἀδεῶς
919 2350 978 2430 τῆς
995 2350 1057 2434 γῆς

81 2448 138 2516 ἐπὶ
168 2444 231 2532 τὴν
250 2441 378 2536 Ῥῶμην
405 2443 621 2537 ἀφικνοῦντο.
667 2445 883 2536 ἐθορύβησαν
906 2447 969 2536 μέν
992 2437 1056 2518 ούν

82 2551 207 2629 ἱκανῶς
224 2545 287 2636 τήν
304 2546 413 2635 πόλιν,
428 2545 469 2620 οῦ
486 2548 554 2638 μὴν
571 2552 736 2637 κρατῆσαί
751 2576 789 2637 γε
807 2543 910 2632 αὐτῆς
923 2545 1056 2636 ἠδυνή-

79 2661 207 2737 θησαν·
241 2645 325 2719 ἀλλά
351 2658 470 2735 καίπερ
503 2653 760 2733 ἐξασθενοῦντες
790 2654 826 2719 οί
841 2643 993 2738 Ῥωμαῖοι
1014 2647 1056 2719 τά

81 2750 219 2839 σῶματα
237 2753 292 2821 καὶ
310 2750 388 2834 τοῦς
405 2747 554 2833 ῦπάτους
571 2749 817 2836 ἀπολωλεκότες
830 2747 1054 2841 ἀμφοτέρους·
1074 2774 1108 2825 25

80 2855 139 2923 καὶ
163 2850 227 2941 γάρ
251 2846 268 2922 ὁ
287 2861 483 2937 Σερουίλιος
502 2854 676 2941 ἐτεθνήκει
692 2861 828 2923 νεωστί·
848 2851 1057 2923 καθοπλισά-

80 2980 178 3043 μενοι
201 2946 292 3043 παρά
316 2953 463 3042 δύναμιν
485 2971 555 3037 τοῖς
584 2963 729 3043 τείχεσιν
758 2958 959 3042 ἐπέστησαν,
994 2957 1056 3023 τοῦ

81 3054 266 3143 περιβόλου
292 3060 350 3143 τῆς
373 3055 501 3137 πόλεως
523 3054 620 3137 ὄντος
644 3061 682 3125 ἐν
697 3059 743 3148 τῷ
761 3052 835 3124 τότε
852 3053 962 3146 χρόνῳ
979 3050 1057 3136 ὅσος

77 3151 272 3244 Ἀθηναίων
295 3160 355 3227 τοῦ
373 3154 490 3239 ἀστεος
507 3158 525 3226 ὁ
545 3154 682 3238 κύκλος·
715 3158 771 3225 καὶ
788 3152 829 3225 τά
846 3157 908 3245 μέν
927 3158 980 3225 ἐπὶ
998 3153 1057 3225 λό-

80 3286 158 3345 φοις
177 3266 314 3347 κείμενα
332 3259 387 3327 καί
405 3255 575 3345 πέτραις’
557 3254 747 3352 αποτόμοις
763 3252 824 3325 ἀπ’
844 3252 947 3343 αύτης
966 3260 1056 3327 ἐστιν
1072 3283 1107 3333 εο

80 3356 344 3483 ὠχυρωμένα
305 3387 363 3448 της
381 3360 515 3446 φύσεως
533 3360 659 3428 καὶί
602 3356 659 3428 ὀλί
657 3387 718 3447 γης
732 3356 874 3448 δεόμενα
887 3361 1055 3446 φυλακῆς

79 3457 122 3530 τά
142 3456 215 3529 δ’
195 3459 262 3532 υπό
279 3489 339 3532 του
324 3464 527 3552 Τεβέρεως
544 3464 768 3552 τετειχισμένα
786 3463 947 3550 ποταμοῦ,
963 3448 1006 3530 οῦ
1020 3456 1057 3531 τύ
