2384 3850
525 115 777 174 ἉΘ,

145 283 297 377 Ῥωμαῖοι
316 285 417 376 λόγου
435 283 528 372 άξιον
545 283 623 357 οὕτε
639 283 827 372 πολιτικόν,
850 281 929 371 δπδ
941 284 1047 356 νόσου
1065 314 1134 355 κα·-

149 393 317 471 κωθέντες
336 383 382 469 ῶς
400 385 493 460 οόπω
512 387 675 480 πρότερον
688 389 854 476 λοιμικῆς
874 382 946 475 ἢτὸ
959 388 1022 475 μὲν
1035 393 1132 475 πρῶ·

149 518 208 561 τον
230 495 345 562 ἵππων
367 518 403 560 τε
429 489 614 579 φορβάδων
637 492 692 559 καί
710 494 803 577 βοῶν
824 485 959 576 άγέλαις
976 494 1132 578 προσήλ-

151 601 228 680 θεν,
247 590 313 661 ἀπὸ
331 591 369 662 δδ
386 591 516 662 τούτων
534 603 581 672 είς
600 619 636 662 τε
647 590 790 662 αἰπόλια
804 594 860 660 καὶ
874 600 1018 679 ποίμνας
1033 592 1132 660 κατέ-

117 713 132 762 5
151 709 276 782 σκηψε,
302 695 359 762 καὶ
385 695 579 781 διέφθειρεν
596 689 714 780 ὀλίγου
729 699 808 762 δεῖν
825 690 933 761 πάντα
951 690 991 760 τά
1008 689 1132 778 τετρά-

48 801 57 812 ‘
151 801 253 866 ποδα·
288 802 401 864 ἔπειτα
434 798 502 864 τῶν
528 797 660 916 νομέων
686 797 799 864 τεκαὶ
822 798 983 882 γεωργῶν
1006 786 1131 880 ἥψατο,

151 899 208 967 καὶ
235 899 419 966 διελθοῦσα
447 894 503 966 διά
528 894 636 984 πάσης
660 899 718 983 της
741 895 849 985 χῶρας
873 902 921 976 είς
945 886 1008 982 τὴν
1026 893 1130 969 πόλιν

153 1001 299 1068 ἐνέπεσε.
342 995 564 1084 θεραπόντων
592 999 656 1088 μὲν
680 986 745 1068 οὖν
768 986 823 1066 καί
848 1001 964 1084 θητῶν
987 999 1097 1066 καλ
1066 998 1132 1065 τοῦ

153 1103 293 1188 πένητος
311 1093 423 1222 ὄχλρυ
430 1103 560 1184 πλῆθος
578 1095 660 1168 ὅσον
674 1102 871 1186 διέφθειρεν
888 1127 929 1169 ον
919 1087 1111 1189 ’δάδιου
1087 1127 1133 1185 ηυ

103 1219 135 1267 10
155 1195 276 1286 εόρελν.
305 1195 378 1268 κατ’
403 1197 508 1288 άρχάς
531 1199 651 1288 μέν
611 1226 676 1290 γαρ
695 1203 749 1270 έπὶ
766 1198 906 1288 ἁμάξαις
922 1199 1079 1322 σωρηδὸν
1097 1205 1134 1268 οί

152 1298 359 1389 θνήσκοντες
383 1297 635 1426 ἀπεκομίζοντο
669 1307 888 1380 τελευτῶντες
912 1291 1006 1370 δέ
978 1329 1028 1370 ων
1053 1297 1132 1370 ε’λά-

154 1424 262 1493 χιστος
289 1393 332 1492 ἦν
354 1400 372 1472 6
397 1399 494 1490 λόγος
512 1411 559 1484 είς
582 1402 697 1475 τὸτοῦ
714 1408 962 1522 παραρρέοντος
978 1406 1132 1490 ποταμοῦ

155 1509 296 1592 ρεῖθρου
319 1501 483 1574 ῶθυύντο.
512 1509 580 1574 τῶν
605 1500 642 1573 δ’
663 1509 702 1574 έκ
717 1533 777 1574 του
766 1507 1014 1593 βουλευτικοῦ
1031 1526 1133 1574 συνε-

156 1612 215 1696 δρί
213 1635 254 1676 ου
271 1634 307 1675 το
296 1601 483 1694 τέταρτον
499 1611 599 1692 μέρος
616 1616 845 1695 συνελογίσθη
863 1610 1130 1724 διεφθαρμένον,
1144 1610 1191 1659 19

106 1723 138 1773 15
157 1713 194 1778 έν
216 1695 306 1788 οἷς
284 1729 370 1796 ησαν
387 1736 419 1777 οι
437 1735 475 1776 τε
496 1705 618 1778 ὕπατοι
641 1705 823 1798 ἀμφότεροι
841 1712 897 1777 καὶ
914 1712 983 1776 τῶν
1000 1707 1134 1828 δημάρ-

155 1838 225 1899 χων
250 1838 283 1879 οι
275 1814 451 1892 πλείους.
497 1807 618 1898 ἤρξατο
641 1801 767 1900 μέν
728 1839 791 1880 ουν
814 1807 835 1898 6
859 1807 958 1890 νόσος
976 1807 1111 1891 περὶ
1071 1838 1133 1889 τας

157 1908 325 1993 καλάνδας
351 1915 411 1983 τοῦ
432 1918 630 2001 ,Σεπτεμβρί
628 1940 669 1981 ου
694 1909 812 1999 μηνός
855 1914 998 1999 διέμεινε
1017 1909 1108 1981 δε
1071 1939 1135 1981 του

158 2012 311 2083 ένιαυτδν
336 2016 465 2082 ἐκεῖνον
489 2008 584 2099 ὅλον,
616 2011 752 2085 ἅπασαν
773 2011 894 2101 ὁμοίως
917 2011 1135 2101 καταλαμβά-

157 2134 264 2184 νουσα
282 2112 337 2181 καδ
357 2116 593 2203 διεργαζομένη
611 2112 716 2202 φάσιν
733 2141 770 2183 τε
787 2116 843 2183 καὶ
861 2110 1004 2203 ἡλικίαν.
1033 2140 1133 2201 γενο-

106 2231 140 2279 κο
157 2217 259 2305 μένης
278 2215 315 2285 δέ
332 2232 401 2295 τοῖς
413 2213 654 2304 πλησιοχώροις
672 2214 827 2303 γυῶσεως
845 2220 913 2285 τῶν
925 2215 1135 2303 κατεχόντων

157 2316 219 2405 τὴν
233 2313 359 2404 Ῥῶμην
376 2322 507 2403 κακῶν,
531 2313 635 2387 καλόν
660 2313 864 2406 ἡγησάμενοι
888 2314 1007 2407 καιρόν
1025 2324 1135 2385 Λίκα-

158 2425 214 2489 νοί
235 2446 270 2487 τε
292 2420 349 2487 καὶ
369 2416 577 2489 Οὐολοῦσκοι
601 2424 784 2489 καταλύσαι
807 2416 869 2505 τὴν
893 2415 999 2507 άρχὴν
1017 2415 1135 2505 αὐτῆς,

158 2518 333 2609 συνθήκας
356 2546 391 2589 τε
415 2521 472 2589 καὶ
494 2518 617 2606 ὅρκους
641 2518 839 2607 ἐποιήσαντο
863 2517 945 2606 πρὸς
968 2515 1136 2605 ἀλλήλους

160 2624 237 2711 περὶ
263 2627 468 2710 συμμαχίας·
502 2625 558 2691 καὶ
581 2619 916 2709 παρασκευασάμενοι
940 2617 980 2688 τά
1006 2627 1053 2699 είς
1071 2647 1137 2687 πο-

109 2736 143 2787 25
161 2731 313 2809 λιορκίαυ
338 2722 509 2809 ἐπιτήδεια
536 2718 581 2803 ῶς
608 2722 699 2812 είχον
720 2720 901 2811 άμφότεροι
920 2719 1044 2817 ,τάχους
1062 2724 1136 2809 ἐξη-

162 2852 229 2912 γον,
253 2821 310 2904 τάς
341 2820 509 2911 δυνάμεις.
554 2828 611 2893 ἵνα
636 2826 674 2894 δέ
696 2821 759 2911 τὴν
781 2820 848 2894 άπό
864 2827 932 2893 τῶν
950 2820 1136 2910 συμμάχων

162 2922 338 3013 ἀφέλοιντο
356 2927 413 3013 της
427 2922 550 3013 Ῥῶμης
569 2928 766 3010 ἐπικουρίαν
783 2934 833 3005 είς
846 2924 908 3014 τὴν
925 2931 1083 2997 Λατίνων
1099 2951 1137 2993 τε

162 3029 219 3095 καὶ
238 3026 400 3113 Ἑρνίκων
423 3030 489 3115 γῆν
512 3032 645 3112 πρῶτον
670 3032 839 3153 ἐνέβαλον.
872 3024 1078 3117 ἀφικομένης
1097 3025 1136 3095 δὲ

164 3134 305 3213 πρεσβεί
305 3132 382 3207 αςέ
367 3130 479 3195 ἐπὶ
444 3156 506 3216 την
529 3124 699 3217 βουλην’
679 3124 740 3213 αφ’
768 3130 925 3212 ἑκατέρου
950 3131 1019 3197 τῶν
1037 3136 1139 3196 πολε-

115 3255 148 3305 30
165 3230 343 3315 μουμένων
360 3232 474 3299 έθνῶν
493 3232 546 3297 ἐπὶ
565 3235 753 3318 συμμαχίας
771 3227 1000 3317 παράκλησιν,
1030 3226 1049 3297 6
1047 3230 1140 3330 μὲν

167 3331 278 3418 ἔτερος
295 3332 363 3398 τῶν
379 3327 520 3399 ὑπάτων
537 3331 678 3411 Λεύκιος
697 3329 876 3417 Αἰβούτιος
895 3335 1029 3418 ἐκείνην
1032 3335 1139 3419 ἔτυχε

167 3428 228 3514 την
245 3427 373 3519 ἡμέραν
390 3428 578 3521 τεθνηκῶς,
597 3423 748 3513 Πόπλιος
767 3432 804 3501 δὲ
823 3440 1019 3523 Σερουίλιος
1038 3432 1140 3522 ἐγγυς
