2384 3850
801 6 809 13 ..
848 0 851 2 ⁷
885 3 920 12 ι...
1085 5 1095 10 .-
1123 0 1137 11 ¹

119 38 182 102 184
495 73 540 87 —-
582 38 618 99 H
662 74 699 84 -

118 221 252 337 μαίνειν
283 210 442 294 κελεύσας
465 209 502 281 τὸ
533 207 757 335 ἀνακλητικόν
785 217 984 299 κατεβίβασε
1008 208 1090 293 τούς

117 311 221 402 ὁμόσε
238 317 427 403 χωροῦντας
444 310 586 394 άκοντας
603 308 668 384 ἀπό
686 316 754 383 τών
768 311 953 404 ἐρυμάτων,
972 317 1091 394 δείσας

118 444 165 522 μη
191 416 224 497 ἐξ
247 410 456 503 ύπερδεξιών
480 413 680 505 βαλλόμενοι
709 412 776 484 σύν
798 413 942 506 αίσχύνη
971 416 1090 484 τεκαὶ
1153 424 1156 431 ’

119 513 201 605 μετά
235 515 380 638 μεγάλης
421 515 550 636 βλάβης
585 513 849 604 ἀναγκασθῶσιν
884 511 1089 639 ἀποχωρεῖν,

85 644 102 691 6
121 625 233 689 ἔπειτα
250 617 359 687 καί
323 645 385 706 την
404 620 497 687 ἐκ
458 646 516 739 της
533 620 696 707 προτέρας
705 626 810 749 νίκης
828 614 1019 688 εύκλειαν’
1001 646 1090 705 αφα-Ι
1158 676 1159 679 ,

119 727 248 791 νίσωσι.
281 716 355 789 τότε
379 746 442 808 μεν
465 709 528 788 οὖν
552 714 635 807 ἤδη
661 721 716 788 καὶ
739 716 803 807 γάρ
821 749 866 851 ην
889 720 965 807 περὶ
987 716 1092 789 δύσιν

119 817 232 909 ἡλίον
247 824 419 910 χαίροντές
437 849 473 890 τε
487 823 543 890 καὶ
555 828 784 905 παιανιζοντες
799 850 831 890 οι
824 815 996 910 ’Ῥωμαῖοι
1009 849 1091 890 κατ-

119 925 437 1009 εστρατοπέδευσαν.
1161 963 1163 966 v

196 1021 314 1090 LXVI.
347 1019 453 1113 qu'd'
478 1021 619 1111 ἐπιούσῃ
642 1025 740 1093 νυκτὶ
763 1020 870 1111 ψόφος
894 1049 931 1092 τε
947 1017 1167 1114 ἠκούετο16

69 1148 102 1197 16
119 1122 225 1205 πολύς
251 1126 287 1193 ἐκ
309 1127 369 1193 τού
392 1122 534 1215 χάρακος
565 1130 634 1193 τών
653 1119 814 1214 Ἑρνίκων
837 1126 892 1193 καὶ
917 1122 998 1212 βοή,
1031 1126 1094 1194 καὶ
1158 1154 1159 1157 ’

119 1222 226 1294 πολλοὶ
244 1228 399 1313 ἐφαίνετο
417 1228 498 1295 σέλα
515 1221 708 1315 λαμπάδων.
738 1220 941 1313 ἀπογνόντες
957 1223 1021 1315 γάρ
1042 1231 1094 1296 ἔτι
1176 1268 1177 1347 η

118 1322 277 1408 ἀνθέξειν
298 1328 395 1418 ἑτέρᾳ
420 1324 509 1417 μάχη
532 1334 728 1398 καταλιπεῖν
752 1324 811 1396 τόν
833 1324 963 1417 χάρακα
984 1332 1094 1413 ἔγνω·
1176 1350 1178 1421 ἠ

119 1448 184 1497 σαν
201 1425 470 1499 αὐτοκέλευστοι·
496 1430 554 1499 καὶ
575 1427 612 1498 τὸ
632 1432 776 1516 ποιῆσαν
800 1424 913 1499 αύτών
929 1424 991 1515 τὴν
1009 1423 1093 1497 ἀτα-
1175 1446 1179 1515 1

119 1533 194 1611 ξίαν
212 1531 268 1599 καὶ
287 1526 373 1619 βοὴν
388 1536 486 1600 τούτο
503 1520 555 1618 ἦν
602 1526 647 1609 ώς
670 1527 734 1621 γάρ
760 1532 893 1601 ἕκαστοι
911 1526 1094 1617 δυνάμεως
1179 1538 1180 1597 λ

69 1655 102 1703 16
120 1631 210 1720 εἶχον
236 1635 293 1701 καὶ
319 1629 440 1719 τάχους
464 1638 611 1718 ἔφευγον
636 1632 834 1719 ἐπιβοῶντές
862 1659 899 1700 τε
921 1625 1093 1719 ἀλλήλους

119 1735 175 1801 καὶ
194 1731 429 1821 ἐπιβοώμενοι,
460 1735 528 1802 τών
551 1732 589 1801 δέ
611 1729 885 1821 ὑπολειπομένων
908 1730 965 1801 διά
982 1730 1093 1822 τραύ-
1180 1720 1182 1777 λ

118 1861 205 1922 ματα
222 1828 243 1921 ἦ
261 1831 382 1915 νόσους
399 1830 545 1922 οίμωγάς
563 1835 620 1902 καί
637 1840 803 1914 λιτανείας
818 1837 854 1904 ἐν
867 1830 984 1917 ούδενλ
997 1830 1092 1927 λόγῳ

119 1939 298 2022 τιθέμενοι.
336 1939 434 2004 τούτο
451 1932 655 2022 ἀγνοοῦντες
673 1940 708 2005 οί
718 1933 888 2025 Ῥωμαῖοι,
912 1939 1093 2025 πεπυσμέ-

118 2062 172 2104 νοι
196 2034 234 2104 δέ
257 2034 348 2124 παρά
371 2041 439 2106 τών
461 2031 680 2124 αἰχμαλώτων
702 2035 882 2128 πρότερον,
905 2034 956 2107 ότι
981 2035 1093 2116 δύνα-

69 2163 102 2211 20
118 2165 174 2225 μις
187 2129 351 2225 Ἑρνίκων
370 2137 465 2226 ἑτέρα
482 2140 596 2226 με’λλοι
614 2137 740 2226 βοηθός
763 2136 856 2228 ἥξειν
873 2154 942 2220 τοῖς
966 2141 1093 2226 σφετέ-

119 2265 206 2327 ροις,
238 2241 294 2307 καὶ
316 2234 379 2328 τὴν
400 2236 485 2326 βοήν
511 2266 548 2308 τε
570 2241 627 2308 καὶ
645 2237 793 2329 ταραχὴν
816 2241 871 2309 ἐπὶ
888 2245 928 2329 τῇ
947 2242 1092 2327 ἐκείνων

117 2336 230 2427 ἀφίξει
254 2343 429 2429 γεγονέναι
452 2348 658 2431 νομίζοντες,
688 2339 731 2410 τά
748 2368 786 2410 τε
808 2337 895 2411 όπλα
918 2335 1092 2428 ἀνέλαβον

118 2442 174 2509 καὶ
191 2439 252 2513 τόν
268 2441 398 2532 χάρακα
420 2441 791 2530 περιστεφανώσαντες,
822 2439 869 2531 μή
891 2469 940 2521 τις
963 2446 1092 2530 ἔφοδος

117 2539 232 2624 αὐτοῖς
264 2547 395 2629 γένοιτο
429 2541 579 2632 νύκτωρ,
615 2543 688 2613 τοτὲ
721 2543 785 2632 μὲν
814 2541 928 2612 όπλοιν
957 2538 1091 2613 κτύπον

66 2666 100 2714 25
118 2644 256 2712 ἐποίουν
272 2640 409 2732 ἀθρόοι,
427 2645 501 2714 τοτὲ
519 2641 688 2732 ,δὲῶσπερ
707 2650 754 2725 είς
771 2641 880 2734 μάχην
897 2638 1091 2734 ὁρμώμενοι
1102 2663 1171 2712 1661

117 2741 246 2831 θαμινά
265 2740 476 2832 ἐπηλάλαζον.
520 2760 590 2826 τοῖς
609 2746 646 2815 δὲ
667 2741 795 2836 Ἕρνιξι
813 2749 870 2816 καί
886 2747 991 2816 ταῦτα
1008 2746 1089 2827 δέος

116 2847 202 2933 μέγα
218 2861 367 2934 παρεῖχε,
386 2845 442 2914 καὶ
460 2838 505 2924 ώς
524 2843 722 2935 διωκόμενοι
739 2847 821 2937 πρὸς
834 2853 902 2918 τών
915 2852 1089 2935 πολεμίων

118 2943 284 3035 σποράδες
301 2942 397 3016 άλλοι
414 2943 485 3016 κατ’
508 2943 610 3028 ἀλλοις
633 2942 734 3029 ὁδούς
752 2956 862 3020 ἔθεον.
903 2945 1027 3036 ἡμέρας
1048 2948 1089 3018 δὲ

117 3048 314 3136 γενομένης,
334 3045 450 3137 ἐπειδὴ
468 3045 806 3138 ἀπήγγειλαν.αύτοϊς
822 3056 859 3120 οί
872 3050 1090 3138 πεμφθέντες

66 3171 100 3219 30
119 3149 172 3216 ἐπὶ
189 3144 252 3234 τὴν
268 3147 482 3239 κατασκοπὴν
503 3155 632 3237 ίππείς,
658 3144 702 3230 ώς
725 3147 804 3222 ούτε
829 3149 971 3240 δύναμις
988 3151 1090 3240 ἑτέρα

118 3245 239 3337 παρῄει
264 3247 433 3339 σύμμαχος
456 3267 524 3332 τοϊς
543 3257 732 3340 πολεμίοις,
764 3257 799 3322 οί
817 3280 853 3324 τε
875 3260 916 3344 τῇ
940 3253 1088 3343 προτέρᾳ

117 3347 383 3438 παραταξάμενοι
401 3348 489 3440 μάχη
508 3349 732 3440 πεφεύγασιν,
758 3353 928 3442 ἐξαγαγών
944 3349 1006 3440 τὴν
1025 3351 1088 3422 δύ-
