2384 3850
868 165 954 172 ——
1041 130 1095 188 Z
1183 165 1294 180 -,
1941 133 2023 198 75

73 327 204 387 χοι,
254 301 477 382 πεζῶν
514 298 586 368 δὲ
620 297 1051 388 ὀγδοήκοντα.
1141 304 1422 393 δευτέρα
1474 304 1550 372 δὲ
1600 304 2019 396 ἐψηφοφόρει

76 407 413 491 συμμορία
485 403 620 471 των
695 399 1202 495 ὑποδεεστέρων
1271 419 1408 486 τοῖς
1469 411 1642 493 βίοις
1713 410 1824 477 καὶ
1893 407 2021 496 τὴν

40 496 585 590 )ὑποβεβηκυῑαν
620 501 806 585 τάξιν
846 507 921 583 έν
954 520 1097 585 ταῖς
1141 503 1382 594 μάχαις
1423 506 1863 597 [μαχομένων]
1905 511 2016 579 καὶ

72 599 399 693 ὁπλισμὸν
446 599 527 673 ού
574 601 691 674 τὸν
746 599 951 676 αὐτὸν
992 604 1287 729 ἐχόντων
1333 623 1472 689 τοῖς
1518 608 2049 705 πρωτοστάταις,

71 700 219 772 ἀλλ’
260 702 841 776 ἐλάττονα·τοῦτο
880 707 955 776 δὲ
989 707 1062 777 τὸ
1100 710 1361 796 πλῆθος
1400 716 1494 789 είς
1533 719 1744 780 εἴκοσι
1779 708 2016 799 λόχους
2089 736 2122 785 5

73 810 609 895 συντεταγμένον
654 797 776 896 ἦν,
830 809 1259 900 προσέκειντο
1297 811 1372 879 δὲ
1408 806 1637 892 αύτοϊς
1675 809 1800 881 δύο
1836 808 2021 901 λόχοι

71 905 403 978 τεκτόνων
440 910 555 985 καὶ
590 907 1027 997 χαλκοτύπων
1075 912 1189 981 καὶ
1228 909 1373 981 ὅσοι
1409 909 1601 982 ἄλλοι
1636 916 2021 1003 πολεμικῶν

76 1014 285 1098 ἔργων
317 999 499 1098 ἦσαν
532 1013 1086 1101 χειροτέχναι.οἰ
1119 1010 1182 1082 δ’
1228 1016 1303 1083 έν
1336 1016 1416 1104 τῇ
1453 1020 1641 1106 τρίτῃ
1679 1020 2019 1107 συμμορίᾳ

73 1109 494 1201 καλούμενοι,
527 1110 776 1203 λόχους
789 1113 914 1202 μὲν
952 1111 1360 1204 ἐξεπλήρουν
1398 1125 1630 1204 εἴκοσι,
1657 1124 1911 1206 τίμημα
1947 1114 2009 1186 δ’

76 1210 248 1300 εἶχον
283 1220 565 1283 ἔλαττον
598 1241 735 1284 των
773 1217 1132 1306 δευτέρων,
1172 1218 1285 1285 καὶ
1319 1213 1508 1299 τάξιν
1540 1214 1666 1305 τὴν
1703 1213 1811 1287 ἐπ’
1851 1221 2019 1288 ἐκεί·
2057 1242 2122 1291 10

74 1340 207 1393 νοις
259 1312 694 1404 [έλάττονα,]
747 1319 860 1385 καὶ
894 1313 1066 1386 ὅπλα
1101 1315 1227 1392 οὐκ
1276 1328 1387 1386 ἴσα
1433 1334 1572 1399 τοῖς
1619 1314 1748 1409 πρὸ
1794 1314 2020 1389 αὐτῶν

78 1420 332 1505 ἔφερον.
430 1421 501 1486 οἰ
534 1416 610 1485 δὲ
644 1415 808 1505 μετὰ
853 1416 1132 1499 τούτους
1178 1417 1614 1507 καλούμενοι,
1662 1417 1912 1509 τίμημά
1947 1448 2020 1490 τε

76 1510 301 1598 οὐσίας
339 1524 620 1587 ἔλαττον
658 1516 839 1606 εἶχον
872 1521 987 1588 καὶ
1021 1518 1210 1601 τάξιν
1247 1524 1322 1589 έν
1357 1520 1622 1612 πολέμω
1647 1517 1772 1607 τὴν
1797 1518 2021 1608 ἀσφα-

78 1619 391 1707 λεστέραν
466 1615 847 1707 ἐλάμβανον
917 1621 1027 1689 καὶ
1099 1615 1429 1708 ὁπλισμὸν
1501 1615 2022 1711 εὐσταλέστερον

79 1716 285 1805 εἶχον
321 1717 644 1810 διῄρηντο
681 1721 755 1790 δὲ
792 1727 888 1802 εἰς
926 1731 1135 1793 εἴκοσι
1170 1723 1284 1790 καὶ
1320 1709 1506 1791 οὗτοι
1541 1717 1808 1810 λόχους
1858 1741 2019 1823 συν·
2057 1746 2123 1796 15

82 1816 418 1892 ετάττοντο
470 1821 545 1890 δὲ
581 1823 692 1891 καὶ
727 1819 985 1904 τούτοις
1026 1819 1150 1892 δύο
1201 1818 1385 1912 λόχοι
1436 1825 1865 1911 βυκανιστων
1903 1825 2018 1893 καὶ

81 1926 476 1994 σαλπιστων.
557 1926 819 2014 πέμπτη
868 1919 939 1992 δ’
994 1925 1289 1995 ἐκαλεῖτο
1327 1932 1664 2016 συμμορία
1711 1953 1849 1997 των
1881 1924 2018 1996 ὀλί-

44 2031 197 2107 1γον
233 2023 421 2095 πάνυ
453 2029 906 2115 τετιμημένων
941 2022 1306 2149 ἀργυρίου,
1344 2024 1517 2097 ὅπλα
1557 2016 1713 2097 δὲ
1666 2055 1755 2115 ην
1792 2023 2020 2098 αὐτων

82 2134 316 2197 σαυνία
353 2129 465 2196 καὶ
505 2126 902 2229 σφενδόναι·
955 2156 1141 2198 ουτοι
1176 2125 1366 2211 τάξιν
1399 2126 1524 2198 οὐκ
1562 2127 1744 2218 εἶχον
1781 2132 1855 2200 ἐν
1890 2126 2019 2218 φά-

80 2232 302 2316 λαγγι,
356 2224 536 2297 ἄλλα
565 2231 747 2311 ψιλοὶ
784 2230 897 2298 καὶ
945 2232 1187 2351 κοῦφοι
1235 2227 1843 2320 συνεστρατεύοντο
1879 2246 2018 2311 τοῖς
2053 2253 2122 2301 20

80 2320 372 2411 ὁπλίταις
438 2336 533 2411 εἰς
593 2328 949 2419 τριάκοντα
1018 2329 1255 2419 λόχους
1316 2331 1887 2419 διῃρημένοι.οί
1947 2331 2010 2399 δ’

82 2422 491 2518 ἀπορώτατοι
535 2435 674 2502 τῶν
718 2434 1011 2503 πολιτων
1071 2429 1199 2501 οὐκ
1249 2427 1562 2511 ἐλάττους
1608 2433 1744 2499 τῶν
1794 2426 2022 2500 άλλων

84 2522 393 2603 ἁπάντων
425 2529 615 2613 όντες
651 2538 911 2622 ἔσχατοι
948 2531 1072 2621 τὴν
1108 2535 1341 2621 ψῆφον
1375 2527 1926 2621 ἀνελάμβανον,
1899 2534 2022 2601 ένα

84 2629 281 2715 μόνον
317 2641 579 2723 ἔχοντες
616 2632 841 2723 λόχον·
900 2624 1084 2703 οὗτοι
1119 2636 1485 2724 στρατειῶν
1520 2661 1592 2704 τε
1625 2623 1801 2723 ἦσαν
1838 2630 2022 2703 ἐλεύ-

84 2742 266 2822 θεροι
302 2739 440 2805 τῶν
478 2738 551 2805 ἐκ
586 2732 958 2823 καταλόγου
1006 2736 1119 2804 καὶ
1157 2739 1499 2827 εἰσφορῶν
1543 2738 1681 2806 τῶν
1715 2734 1883 2805 κατὰ
1917 2763 2021 2804 τι-
2055 2754 2124 2805 25

84 2831 341 2922 μήματα
387 2839 785 2925 γινομένων
821 2832 1075 2917 ἀτελεῖς
1135 2839 1249 2906 καὶ
1300 2833 1390 2906 δι’
1430 2834 1632 2926 ἄμφω
1690 2840 1899 2906 ταῦτα
1947 2840 2023 2906 έν

87 2949 220 3016 ταῖς
266 2945 728 3029 ψηφοφορίαις
774 2933 1170 3026 ἀτιμότατοι.
1265 2944 1328 3008 εἰ
1371 2938 1498 3027 μὲν
1554 2927 1680 3007 οὖν
1731 2937 1838 3005 ἐπὶ
1886 2938 2024 3005 τῶν

89 3034 364 3123 πρώτων
399 3037 637 3129 λόχων,
676 3035 795 3119 οὓς
831 3043 901 3107 οἵ
930 3066 1003 3108 τε
1043 3044 1267 3120 ἱππεῖς
1304 3036 1710 3127 ἐξεπλήρουν
1745 3039 1857 3107 καὶ
1887 3039 2025 3107 τῶν

92 3141 295 3221 πεζῶν
328 3145 399 3210 οἱ
426 3170 552 3229 την
587 3139 861 3233 πρώτην
896 3138 1085 3223 τάξιν
1123 3145 1198 3211 ἐν
1232 3156 1370 3220 τοῖς
1405 3140 1716 3228 πολέμοις
1763 3136 2025 3228 λαμβά-

92 3265 342 3329 νοντες,
405 3242 479 3312 τὸ
537 3239 698 3312 αὐτὸ
746 3239 1164 3332 φρονήσαιεν
1225 3238 1390 3310 ἑπτὰ
1449 3242 1561 3310 καὶ
1621 3238 2023 3329 ἐνενήκοντα
2059 3260 2128 3309 3ο

40 3351 79 3400 52
97 3335 288 3430 λόχοι,
323 3344 508 3425 τέλος
548 3344 727 3433 εἶχεν
760 3341 802 3431 ἡ
840 3350 1270 3433 ψηφοφορία,
1308 3344 1422 3414 καὶ
1454 3339 1679 3412 οὐκέτι
1714 3357 1854 3421 τοῖς
1889 3349 2024 3435 λοι-

87 3455 224 3523 ποῖς
272 3446 336 3528 ἓξ
383 3446 493 3515 καὶ
545 3443 947 3533 ἐνενήκοντα
994 3442 1213 3534 λόχοις
1260 3441 1611 3515 ἀνεδίδοτο
1656 3438 1700 3529 ἡ
1749 3443 2007 3529 ψῆφος·
