2384 3850
52 73 235 177 'J‘
463 78 662 138 -Z—
1005 77 1145 181 55Ι

77 254 237 376 νούντος,
251 245 327 320 ἀλλ’
346 255 394 319 ἔτι
412 251 606 339 μέλλοντος,
625 253 681 320 καὶ
699 247 738 320 τό
755 249 818 340 μὲν
835 248 901 342 ήδη
920 277 1047 323 πεπον-

77 350 192 482 θότες,
211 381 238 422 ω
223 342 380 439 βουλή,
400 350 512 441 δεινά,
537 381 578 421 τα
567 348 630 421 δ’
651 350 742 442 είμὴ
761 350 797 422 τό
816 351 968 432 πλείον’
949 356 1047 442 υμεόν

76 457 175 545 μέρος
198 450 354 578 ἐμποδφυ
378 405 512 541 ἐγένετό
533 451 624 545 παρά
648 451 771 544 σχεδόν
795 453 951 536 ἐλθόντες
981 482 1047 524 πα-

76 569 172 645 θεῖν,
198 545 253 646 ἀρ’
280 552 343 626 ούκ
367 551 542 635 είκότως’
524 558 780 644 αγανακτοῦμεν
805 557 860 625 καὶ
884 564 1046 645 βοηθείας

75 656 166 738 τινός
183 655 326 747 οίόμεθα
351 662 425 727 δεῖν
448 653 514 727 ούκ
531 653 616 728 ἀνευ
638 660 696 746 τῆς
719 655 881 746 ὑμετέρας
900 679 1046 745 συναγα·
1082 681 1117 737 ο,

75 758 267 880 νμκτήσεως
284 775 410 847 τυχελν,
430 760 483 828 ἐπὶ
502 763 602 848 δίκην
616 757 718 830 αὐτόν
733 770 810 847 ίσην
823 757 932 828 καὶ
892 786 1046 847 νόμιμον,

76 888 102 930 ω
92 850 244 948 βουλή,
269 858 553 951 προκαλούμενοι,
577 854 700 951 περὶ“
678 887 721 948 ην
741 857 855 930 ἅπασα
872 857 893 948 6
913 858 1046 949 πληθύς

74 973 275 1054 μερισθεῖσα
296 959 378 1031 κατὰ
402 959 512 1050 φυλάς
536 959 638 1048 λόγου
657 964 818 1043 δοθέντος
840 979 910 1044 τοῖς
914 965 1047 1085 δεομέ-

74 1091 145 1146 νοις
169 1069 309 1183 ἔνορκον
333 1062 511 1134 ἐποίσει
475 1092 537 1150 την
554 1068 687 1153 ψήφους
716 1073 768 1136 ίθι
787 1067 871 1152 ἐκεί,
899 1092 925 1132 ω
914 1053 1046 1152 Μύρ-

15 1188 62 1238 411
75 1194 137 1254 κιε,
156 1168 213 1235 καὶ
229 1170 346 1253 ταῦτα,
363 1193 385 1234 α
370 1160 532 1289 “gamag
550 1169 661 1253 λέγειν
679 1163 820 1254 ἐνθάδε,
840 1161 922 1290 πρός
940 1161 1043 1236 ἀπαν
1065 1187 1098 1235 10

71 1295 131 1348 τας
148 1263 226 1348 τούς
243 1275 380 1347 πολίτας
397 1264 545 1357 ἀθρόους
563 1265 742 1356 ἀπολογοῦ,
763 1279 829 1338 είτε
847 1262 891 1388 65·
905 1264 970 1337 ἀπό
984 1271 1044 1336 τού

72 1376 249 1457 βελτίστου
279 1366 320 1438 τά
349 1366 507 1458 κράτιστα
537 1367 779 1456 συνεβούλευες
801 1366 930 1448 τούτοις
950 1367 1069 1473 [εἴτε]

72 1472 130 1596 κμδ
147 1468 356 1559 συνήνεγκεν
385 1466 429 1538 ἀν
452 1477 492 1560 τῇ
516 1469 611 1540 πόλει
634 1473 737 1539 ταῦτα
760 1467 945 1556 γευόμενα,
979 1480 1044 1539 είτε

72 1570 119 1653 ὡς
143 1569 206 1642 ούκ
229 1578 299 1641 ἐστι
323 1577 456 1642 δίκαιον
486 1547 621 1695 λόγων
631 1569 780 1650 εύθύυας
803 1567 941 1694 ὑπέχειν
964 1567 1044 1650 τούς

70 1671 363 1762 ἀποφαινομένους
383 1670 559 1762 ἐνθάδε
524 1700 583 1753 τας
601 1669 753 1797 γνοήμας,
779 1682 845 1741 είτε
863 1668 908 1752 τός
927 1664 988 1740 ούκ
1007 1673 1044 1740 ἐκ
1064 1693 1097 1742 15

71 1782 233 1863 προνοίας
263 1772 343 1845 ούδέ
367 1758 564 1865 ἐπιβουλῆς,
593 1770 669 1844 ἀλλ’
695 1770 777 1864 όργή
804 1769 1041 1863 ἐπιτρέψας
1004 1801 1044 1842 τα

70 1873 176 1968 μιαρά
204 1881 308 1947 ταῦτα
334 1887 519 1967 ’παραινεῖν
547 1874 737 1967 προήχθης,
771 1869 840 1945 εἴθ’
869 1872 1044 1964 ὁτιδήποτε

71 1977 154 2048 ἀλλο
171 1976 366 2068 ἀπολόγημα
385 1985 478 2067 ἔχεις.
506 1986 735 2066 καταβίβασον
752 1976 817 2047 ἀπὸ
835 1979 903 2047 των
920 1972 1044 2068 ύπερη·

70 2078 194 2169 φάνων
211 2083 267 2150 καὶ
283 2083 495 2170 τυραννικῶν
519 2076 720 2170 αύχημάτωυ
744 2084 883 2151 ἐκείνων
902 2076 1044 2149 σεαυτόν

71 2184 129 2253 ἐπὶ
151 2180 189 2251 τό
213 2179 494 2272 δημοτικώτερον,
519 2174 705 2271 ἀπουηρέ,
731 2184 785 2251 καὶ
809 2188 951 2268 ποίησον
974 2176 1042 2267 ήδη
1060 2200 1094 2249 20

70 2282 154 2354 ποτέ
184 2299 252 2367 τοῖς
285 2280 397 2364 ἀλλοις
426 2281 621 2374 ἀνθρώποις
647 2280 772 2371 όμοωυ.
814 2279 1043 2369 ἡμαρτηκότος

71 2383 157 2473 λάβε
180 2387 237 2454 καὶ
260 2388 528 2503 παραιτουμένου
551 2386 662 2473 σχῆμα
684 2379 852 2453 ταπεινόν.
885 2378 1044 2467 ἐλεεινόν,

70 2481 189 2557 αἶαν’
170 2489 369 2557 ἀπαιτοῦσιν
398 2492 436 2589 αί
444 2492 636 2611 συμφοραί,
676 2483 720 2575 μή
751 2479 942 2571 βιαζόμενος
966 2478 1044 2562 τούς

72 2591 184 2668 κακῶς
196 2586 407 2670 πεπονθότας
413 2577 537 2657 ἀλλά
518 2584 745 2678 υπερχόμευος
758 2583 853 2669 ἀξίου
866 2581 1041 2667 σιόζεσθαι.

15 2707 61 2755 ωε
73 2691 227 2775 γενέσθω
246 2710 298 2759 σοι
317 2687 585 2812 παράδειγμα
544 2717 602 2780 της
621 2692 759 2760 ἐπιεικεί
745 2696 815 2776 ίας,
834 2676 856 2777 6
873 2684 1043 2777 χρεόμενος
1060 2706 1095 2754 25

71 2787 115 2860 ἀν
134 2801 204 2879 είης
221 2788 304 2881 πρός
320 2788 398 2872 τούς
420 2788 488 2879 ἀμα
505 2794 783 2879 πολιτευομένους
807 2784 1042 2876 ἀνεπίληπτος,

70 2889 111 2961 τό
129 2894 198 2963 τῶν
215 2887 357 2981 ἀγαθόν
378 2890 506 2962 τούτων
524 2899 623 2982 ἔργα,
647 2901 682 2962 οἳ
696 2896 848 2963 τοσοῦτοι
870 2886 967 2979 μὲν”
949 2914 1043 2968 οντες

71 2992 107 3063 τὸ
126 2996 256 3083 πλῆθος
273 2991 372 3075 ὅσους
386 2989 485 3074 αύτός
498 2989 589 3086 ὁρᾷς,
604 2991 765 3075 τοσαύτας
780 2992 817 3063 δέ
830 2985 949 3075 ἀρετάς
962 2984 1042 3058 ἀπο-

73 3097 282 3185 δεδειγμένοι
300 3098 355 3165 καὶ
373 3092 552 3184 πολεμικός
570 3098 627 3165 καί
645 3092 831 3179 πολιτικός,
851 3087 890 3173 ἀς
909 3088 983 3161 οὐδ’
1006 3093 1044 3160 ἐν

72 3200 187 3290 πολλῷ
214 3194 306 3268 πάνυ
336 3195 445 3290 χρόυφ
470 3203 623 3267 διελθεῖν
652 3193 787 3287 ῥηίδιον,
818 3192 921 3264 οὐδὲν
952 3188 1044 3281 ωμόν
1060 3212 1095 3261 30
1177 3286 1178 3289 Ἴ

72 3293 151 3367 οὐδ’
174 3292 396 3389 ὑπερήφανον
424 3296 604 3387 ἐξήνεγκαν
627 3300 720 3379 τέλος
745 3293 826 3367 καθ’
852 3294 947 3386 ήμεόυ
974 3296 1043 3363 τῶν

73 3398 216 3485 φαύλων
239 3403 295 3471 καί
317 3404 486 3471 ταπεινῶν
509 3406 545 3470 οί
565 3401 681 3488 σεμνοὶ
700 3400 756 3469 καί
774 3396 927 3487 μεγόλοι,
959 3391 1044 3463 ἀλλά
