2384 3850
447 97 643 157 „ffl-

56 271 220 358 σβευιάν
244 264 446 350 ἀκούσαντες
468 265 546 348 τοὺς
569 265 689 357 λόγους
712 274 749 338 οἱ
769 276 928 366 Αἰκανοί,
953 280 1040 342 πλα-

56 375 143 459 γίας
160 364 274 452 αὐτοῖς
292 376 414 440 ἔδοσαν
432 366 689 461 ἀποκρίσεις,τό
705 370 769 460 μὲν
786 377 885 462 ἔργον
897 369 960 444 οάκ
973 371 1039 446 ἀπὸ

58 473 182 559 κοινής
200 472 351 560 λέγοντες
369 469 503 561 γνάμης
520 472 713 560 γεγονέναι,
737 468 814 555 τούς
833 473 871 544 δέ
889 472 1036 564 δράσαν-

57 601 124 654 τας
141 569 205 642 οὐκ
222 568 392 656 ἀξιοῦντες
411 570 600 662 ἐκδιδόναι,
618 571 718 646 πόλιν
735 601 771 646 τε
788 569 1038 658 ἀπολωλεκότας

54 677 123 744 καὶ
136 670 259 762 ἀλήτας
271 671 448 764 γεγονότας
460 677 557 764 σφων
567 701 605 744 τε
617 677 654 745 έν
666 679 708 765 τῇ
719 682 821 770 πενίᾳ
832 679 952 759 ίκέτας.
967 673 1036 765 ,ἐφ’
1055 696 1072 744 5

59 769 1039 868 οίςὸΦάβιοςάγανακτοΞνκαὶτάςηευσθείσαςπρδςαάτάν

60 872 243 967 ὁμολογίας
261 874 549 968 ἀνακαλούμενος,
569 872 614 959 ὦς
639 876 731 950 εἶδεν
755 882 1038 970 εἰρωνευομένους

61 975 144 1060 τούς
168 977 337 1061 Αἰκανοὺς
359 981 415 1050 καί
441 985 489 1060 είς
513 975 643 1068 βουλήν
674 977 796 1070 χρόνον
820 984 1039 1070 αἰτουμένους

61 1083 223 1169 ξενισμοῦ
240 1107 276 1154 τε
292 1077 390 1171 χάριν
408 1083 662 1170 ἐπικατέχοντας
678 1078 800 1172 αὐτόν,
818 1076 979 1173 ὑπέμεινέ
1001 1109 1037 1152 τε

64 1186 290 1253 κατοπτεῦσαι
312 1179 352 1252 τά
376 1184 413 1254 ἐν
435 1189 476 1274 τή
499 1181 594 1254 πόλει
618 1180 794 1274 πράγματα
816 1182 1036 1274 βουλόμενος·
1058 1201 1089 1252 10

65 1284 123 1352 καὶ
142 1282 275 1368 διεξιὼν
292 1280 401 1354 πάντα
412 1282 516 1356 τόπον
533 1279 616 1354 κατά
633 1283 805 1376 πρόφασιν
822 1294 968 1378 θεωρίας
981 1292 1038 1374 δη·

63 1381 185 1474 μόσιόν
207 1387 317 1456 τεκαὶ
344 1383 451 1475 ίερόν,
475 1382 517 1454 τά
540 1413 577 1457 τε
602 1384 803 1476 ἐργαστήρια
819 1383 930 1478 πλήρη
946 1382 1039 1476 δρῶν

64 1482 198 1558 ἅπαντα
228 1492 418 1576 πολεμικῶν
440 1483 573 1574 ὅπλων,
602 1488 670 1556 τῶν
698 1487 761 1575 μὲν
788 1483 854 1576 ήδη
885 1507 1037 1558 συντετε-

64 1589 254 1676 λεσμένων,
279 1594 347 1659 τῶν
372 1585 404 1658 δ’
432 1595 479 1659 ἔτι
506 1589 542 1658 ἐν
568 1587 686 1677 χερσίν
706 1584 832 1676 ὄντων,
864 1594 951 1676 έγυω
974 1583 1038 1675 τήν

65 1687 220 1760 διάνοιαν
255 1687 376 1760 αὐτῶν.
422 1691 494 1760 καί·
512 1684 714 1778 ἀφικόμενος
750 1696 798 1772 εἰς
827 1686 889 1779 τήν
911 1683 1038 1778 Ῥάμηυ
1057 1706 1088 1756 15

63 1788 247 1879 ἀπήγγειλε
268 1787 351 1881 πρὸς
374 1789 435 1880 τήν
457 1787 586 1879 βουλήν
610 1787 633 1860 ἀ
649 1816 686 1860 τε
702 1787 830 1880 ήκονσε
843 1793 899 1862 καὶ
917 1786 939 1860 ἀ
958 1789 1036 1860 εἶδε.

6 1905 54 1955 14
64 1887 203 1982 κάκείνη
220 1889 323 1965 οὐδὲν
347 1898 394 1964 ἔτι
412 1889 616 1963 ἐνδοιάσασα
632 1888 711 1975 τοάς
729 1897 940 1986 εἰρηνοδίκας
960 1895 1037 1982 ἐψη-

64 2000 188 2085 φίσατο
211 1997 355 2085 πέμπειν
378 1996 661 2084 καταγγέλλοντας
678 2001 840 2077 Αἰκανοῖς
862 1994 922 2067 τὸν
938 1991 1038 2069 πόλε-

64 2125 148 2186 μον,
169 2094 227 2167 έάν
243 2093 288 2185 μή
305 2093 383 2178 τοάς
400 2124 436 2167 τε
450 2094 630 2169 Ἀντιατοῖν
646 2095 801 2186 φυγάδας
825 2093 1038 2169 ἀπελάσωσιν

65 2202 103 2269 ἐκ
121 2200 178 2285 τής
196 2196 323 2280 πόλεως
349 2198 404 2267 καὶ
424 2202 519 2280 δίκας
542 2214 612 2279 τοῖς
629 2194 842 2287 ἠδικημένοις
859 2196 1038 2287 ἀπόσχων-
1055 2216 1088 2265 20

2 2380 12 2389 ,
63 2328 127 2371 ται.
172 2304 208 2370 οί
230 2300 267 2370 δὲ
291 2299 434 2371 Αἰκανοί
457 2300 668 2389 θρασυτέρας
698 2295 781 2388 πρός
809 2297 888 2380 τοὺς
910 2296 1037 2388 ἀνδρας

65 2397 265 2488 ἐποιήσαντο
276 2396 333 2483 τάς
346 2397 618 2490 ἀποκρίσεις,καί
631 2394 690 2469 τόν
702 2397 849 2489 πόλεμον
862 2396 925 2470 οὐκ
938 2396 1036 2469 ἀκοά·

64 2523 132 2573 σιοι
151 2502 310 2591 δέχεσθαι
330 2499 558 2591 ὡμολόγησαν.
605 2495 691 2570 ἀλλά
707 2499 771 2591 γάρ
788 2496 852 2570 οάκ
870 2501 1036 2588 ἐξεγένετο

60 2598 231 2693 Ῥωμαίοις
248 2600 406 2693 στρατιάν
425 2606 462 2673 ἐν
480 2606 597 2695 ἐκείνῳ
615 2605 661 2695 τῷ
681 2604 823 2691 ἐνιαυτῷ
841 2599 892 2673 ἐπ’
913 2596 1037 2683 αάτοδς

63 2702 275 2793 ἀποστεῖλαι,
295 2715 362 2775 είτε
380 2707 439 2775 τοῦ
458 2709 636 2795 δαιμονίου
658 2702 863 2792 κωλύοντος,
888 2711 955 2775 είτε
980 2699 1037 2773 διά
1054 2720 1088 2769 25

63 2805 123 2889 τάς
140 2804 279 2895 νόσους,
298 2813 336 2875 αἳ
351 2806 511 2896 κατέσχον
528 2803 591 2895 τήν
608 2802 746 2895 πληθάν
763 2808 819 2877 ἐπὶ
835 2804 922 2875 πολὺ
939 2806 1038 2894 μέρος

63 2911 126 2979 τοῦ
143 2912 252 2988 ἔτους
271 2904 356 2978 ἀλλά
374 2915 528 2997 φυλακῆς
547 2910 645 2978 ἕνεκα
661 2913 731 2979 τῶν
742 2905 928 2997 συμμάχων
939 2903 1038 2993 ὀλίγη

64 3038 114 3092 τις
132 3011 317 3092 ἐξελθοῦσα
335 3007 488 3098 δύναμις,
509 2999 548 3097 ής
566 3002 679 3097 ήγεῖτο
689 3005 828 3089 Κόιντος
842 3011 1038 3097 Σερουίλιος

63 3108 181 3201 ἅτερος
204 3115 273 3182 τάν
296 3105 452 3199 ὑπάτων,
478 3113 515 3181 έν
537 3125 607 3191 τοῖς
625 3114 782 3181 Λατίνων
805 3104 896 3199 ὅροις
913 3108 1038 3199 διέτρι-

63 3228 139 3295 ψεν.
186 3214 222 3283 έν
254 3212 291 3283 δέ
316 3215 358 3303 τῇ
382 3210 477 3283 πόλει
499 3208 558 3282 τόν
580 3207 670 3281 νεάν
696 3212 758 3281 τοῦ
780 3215 924 3280 Πιστίου
954 3206 1038 3289 Διὸς
1056 3239 1089 3289 ςο

64 3310 214 3403 Σπόριος
246 3310 431 3402 Ποστόμιος
454 3306 473 3383 ὁ
497 3310 689 3395 σνυάπατος
718 3308 822 3382 αὐτοῦ
849 3312 1038 3401 καθιέρωσε

63 3411 168 3504 μηνός
198 3410 342 3485 ’Ῑουνίου
372 3428 445 3497 ταίς
475 3414 697 3502 καλουμέναις
722 3409 862 3494 Νωναις
898 3412 951 3481 ἐπὶ
976 3413 1038 3481 τοῠ
