2384 3850
458 123 661 184 ..ρ-

66 297 158 370 κατόι
172 295 235 388 τὴν
247 295 388 388 Ῥώμην·
407 298 464 367 καὶ
481 292 559 366 ούτε
576 278 777 387 ἀνθρωπίνη
790 296 935 388 βοήθεια
950 296 1046 390 ἤρκει

66 416 142 482 τοῖς
161 399 350 490 κάμνουσιν
372 393 530 488 οὐδεμία,
554 394 627 468 ἀλλ’
655 403 694 468 ἐν
708 402 762 494 τῷ
786 409 848 494 ίσφ
872 406 906 472 οἵ
925 429 962 472 τε
979 399 1047 473 σύν
1080 455 1086 464 «

69 507 186 593 πολλῇ
198 499 465 591 θεραπευόμενοι
478 505 646 590 φροντίδι,
665 503 722 572 καὶ
735 496 785 583 οἷς
798 502 906 590 μηδὲν
918 507 1046 589 ἐγίνετο
1102 585 1110 597 1

69 609 143 698 των
163 602 313 675 δεόντων
336 598 568 690 ἀπέθνησκον]
599 599 678 673 οὔτε
699 611 863 674 λιτανεῖαι
879 611 974 674 θεῶν
991 606 1047 674 καλ

71 713 199 778 θυσίαι
213 707 268 775 καὶ
287 701 336 794 ἐφ’
349 700 409 787 ούς
421 701 599 797 ἅνθρωποι
609 711 821 788 τελευταίους
835 709 871 776 ἐν
888 721 961 788 ταῖς
977 735 1047 776 τοι·
1081 737 1098 786 5

73 815 176 880 αῖσδε
194 805 435 896 ἀναγκάζονται
453 804 680 893 καταφεύγειν
693 823 894 898 συμφοραῖς,
913 813 949 877 οί
963 805 1046 878 κατά

73 907 188 998 ἀνδρα
204 937 240 980 τε
258 907 428 998 γινόμενοι
452 907 509 978 καί
531 902 619 997 ὑπὲρ
642 911 704 978 τού
726 916 842 980 κοινοῦ
864 917 1046 1000 καθαρμοί,

73 1011 151 1082 τότε
167 1012 420 1102 προσωφέλουν,
439 1007 517 1080 ούτε
534 1005 617 1080 ἀλλο
628 1039 660 1080 τι
673 1014 743 1080 τῶν
761 1009 953 1082 δοκούντων
970 1040 1048 1082 κου·

74 1121 187 1203 φίζειν
204 1110 266 1202 τὴν
283 1110 403 1202 νόσον,
429 1113 577 1198 διέκρινέ
591 1139 629 1182 τε
643 1109 683 1182 τό
700 1109 811 1197 πάθος
827 1112 890 1204 οὐχ
913 1108 1048 1203 ἡλικίαν

75 1211 117 1286 ού
137 1213 244 1304 φύσιν
262 1210 302 1286 ού
320 1213 437 1306 ῥύμην
451 1209 475 1304 ἢ
489 1208 673 1285 ἀσθένειαν
685 1213 849 1306 σωμάτων
861 1214 902 1286 ού
914 1219 1046 1306 τέχνην,
1066 1243 1098 1294 10

74 1313 163 1388 ἀλλά
179 1321 316 1406 γυναιξί
335 1345 371 1387 τε
389 1319 544 1386 ἐνέπιπτε
568 1318 625 1384 καί
648 1313 793 1405 ἀνδράσι
816 1319 873 1387 καὶ
896 1334 1048 1408 γηραιοῖς

76 1423 134 1489 καὶ
152 1423 250 1499 νέοις.
276 1413 317 1488 ού
337 1415 426 1508 [μὴν]
454 1415 562 1488 πολύν
585 1417 625 1486 δὲ
647 1419 786 1506 κατέσχε
803 1416 939 1508 χρόνον·
965 1415 1047 1506 ὅπερ

77 1532 188 1591 αἴτιον
212 1521 342 1607 ἐγένετο
365 1524 426 1590 τοῦ
454 1518 500 1610 μὴ
525 1518 707 1608 σύμπασαν
730 1523 962 1610 διαφθαρῆναι
986 1518 1049 1608 την

77 1621 193 1694 πόλιν·
225 1619 309 1692 ἀλλά
340 1625 492 1711 ποταμοῦ
522 1627 622 1710 δίκην
652 1615 674 1709 ἢ
705 1622 811 1712 πυρός
839 1617 950 1712 ἀθρόα
978 1637 1055 1704 τοῖς·

2 1743 4 1770 λ
78 1721 275 1813 ἀνθρώποις
294 1727 483 1812 ἐμπεσοῦσα
500 1721 563 1811 τήν
580 1750 617 1793 τε
634 1720 831 1813 προσβολὴν
853 1720 966 1806 ὀξεῖαν
990 1726 1046 1793 καὶ
1066 1747 1097 1796 15

2 1839 68 1894 1858
77 1825 142 1916 τὴν
171 1823 369 1914 ἀπαλλαγὴν
397 1841 534 1916 ταχεῖαν
548 1831 697 1952 ἐλαβεν.
733 1823 778 1906 τός
808 1825 846 1895 δὲ
868 1823 906 1895 τό
936 1824 1050 1895 δεινὸν

80 1926 290 2018 ἐλιόφησενέ
291 1956 315 1999 π
313 1924 502 2022 ’ἐξόδῳ
462 1956 521 2017 της
538 1926 642 2018 ἀρχῆς
661 1925 710 1999 τόν
721 1958 740 1999 ο
727 1926 913 2017 Πόπλιος,
933 1927 1049 2015 ἐπειδὴ

80 2029 145 2103 οὐκ
164 2028 305 2130 ἐδύνατο
323 2034 473 2119 κυρῶσαι
490 2029 548 2101 τὸν
565 2028 671 2119 νόμον
689 2033 725 2102 ἐν
743 2037 790 2126 τῷ
808 2029 958 2120 περιόντι
976 2028 1049 2121 χρό

80 2162 130 2227 νρι
149 2160 217 2203 των
235 2128 457 2223 ἀρχαιρεσίων
476 2130 700 2221 ἐπιστάντων,
724 2131 839 2223 μετῄει
863 2132 966 2204 πόλιν
987 2131 1050 2221 τὴν

82 2240 321 2325 δημαρχίανί
289 2264 304 2305 ε
320 2264 336 2316 ς
353 2234 412 2305 τόν
430 2231 566 2306 ἐπιόντα
585 2232 758 2321 ἐνιαυτόν,
774 2234 889 2303 πολλὰ
913 2238 970 2303 καὶ
991 2260 1047 2322 με·
1065 2257 1099 2305 20

82 2336 169 2426 γάλα
181 2354 251 2417 τοῖς
270 2331 461 2461 δημόταις
440 2332 721 2425 υπισχνούμενος
740 2363 796 2403 και
786 2332 1051 2405 ἀποδείκνυται

83 2436 185 2510 πάλιν
204 2432 408 2529 δήμαρχός“
387 2435 446 2507 υπ’
468 2434 581 2509 αὐτῶν
603 2438 659 2506 καί
685 2433 747 2506 δύο
769 2462 838 2505 των
862 2432 1052 2558 συναρχόν-

83 2568 160 2611 των.
185 2544 220 2610 oi
248 2540 285 2611 δὲ
310 2547 476 2631 πατρίκιοι
503 2535 586 2637 πρός
612 2566 713 2609 τουτο
736 2533 1051 2626 ἀντεμηχανήσαντο

2 2636 3 2639 “
84 2640 205 2733 πικρὸν
222 2637 331 2731 ἀνδρα
349 2644 405 2711 καὶ
423 2640 611 2763 μισόδημαν
627 2641 683 2710 καὶ
701 2640 807 2729 μηδὲν
825 2636 1052 2710 ἐλαττώσοντα

83 2748 142 2833 τῆς
176 2738 427 2867 ἀριστοκρατίας
462 2744 517 2813 ἐπί
552 2738 615 2830 τὴν
647 2740 813 2813 ὑπατείαν
835 2756 1051 2861 προαγαγεῖν,
1069 2761 1103 2811 25

78 2844 404 2917 ’Ἁππιονίίλαύδιυν
416 2843 492 2916 υίόν
500 2841 645 2935 Ἀππίου
656 2872 717 2915 τον
702 2849 875 2916 πλεῖστα
891 2870 938 2935 τφ
923 2841 1051 2935 δήμω

87 2949 164 3037 περὶ
191 2942 253 3035 τὴν
276 2946 427 3019 κάθοδον
450 2948 719 3028 ἐναντιωθέντος.
744 2948 800 3016 καὶ
825 2941 929 3014 αὐτὸν
946 2940 1052 3012 πολλὰ

2 3112 4 3123 ,
88 3045 285 3120 ἀντειπόντα
301 3042 358 3119 καὶ
372 3044 444 3120 οὐδ’
459 3056 506 3131 είς
525 3047 562 3120 τό
575 3054 696 3119 πεδίον
708 3050 824 3117 ἐλθεῖν
839 3046 1053 3134 βουληθέντα

56 3156 61 3167 ’
88 3155 184 3224 ἕνεκα
201 3155 270 3221 τάν
287 3146 521 3244 ἀρχαιρεσίων,
541 3148 643 3223 οὐδὲν
660 3139 761 3239 ἧττον
776 3144 1053 3239 προεβούλενσόυ

88 3280 123 3323 τε
140 3254 195 3323 καί
216 3256 424 3342 ἐψηφίσαντο
443 3251 570 3325 ἀπόντα
587 3251 725 3324 ὕπατον.
1066 3270 1099 3319 30

16 3369 80 3422 1859
161 3354 343 3425 XXXXIII.
366 3355 724 3427 Τελεσθέντωνδὲτῶν
736 3350 960 3446 ἀρχαιρεσίων
971 3346 1053 3419 κατὰ

90 3454 215 3546 πολλὴν
239 3456 428 3529 εὐπέτειαν·
455 3462 491 3527 oi
510 3455 574 3548 γὰρ
599 3458 739 3546 πένητες
763 3457 914 3539 ἐξέλιπον
935 3449 973 3523 τὸ
996 3477 1053 3522 πε·
