2384 3850
446 105 648 168 -Θ-
965 107 1034 174 293

59 271 181 365 ὅρκους
201 273 324 367 διεξῄει
342 272 449 348 καλ
411 305 470 359 τας
489 275 664 402 συνθήκας
681 277 741 360 τὰς
759 282 871 350 ἐπὶ
830 309 872 373 τη
889 279 1029 376 καθόδφ

58 376 244 499 γενομέυμς
261 372 471 449 ἀνεκαλεῖτο·
491 382 528 451 ἐν
546 370 640 462 αἷς’
619 409 660 468 ην
678 375 843 470 ἀμνηστία
858 382 935 471 μὲν
939 385 1028 475 πριό-

59 506 117 548 τον
148 471 324 569 ἁπάντων,
361 487 475 555 ἔπειτα
506 483 640 564 ἐξουσία
665 498 735 564 τοῖς
760 484 903 572 πένησιν
924 481 1029 576 ἀρχάς

59 575 313 684 ἀποδεικνύναι,
331 580 496 671 τιμωρούς
513 581 577 671 μὲν
589 585 748 673 ἐσομένας
765 590 885 673 σφίσιν
901 581 1027 675 αὐτοῖς,

59 697 127 762 τοις
153 681 191 752 δέ
208 679 400 806 κατισχύειν
422 686 639 806 βουλομένοις
660 682 873 768 ἀντιπάλους.
904 690 1078 771 διεξελο

60 779 135 854 θδν
154 781 192 853 δὲ
208 786 312 854 ταῦτα
329 780 407 866 τούς
425 781 548 876 νόμους
567 783 856 876 ἐπεδείκνυτο,“
813 816 874 870 ους
889 816 908 859 ο
897 782 1027 878 δῆμος

61 880 335 975 ἐπεκύρωσευ’
296 914 337 956 ου
359 883 423 976 πρὸ
447 889 589 978 πολλοῦ,
613 885 674 960 τόν
690 916 728 959 τε
745 891 822 980 περὶ
845 917 914 960 τιον
935 895 1028 960 δικα-

59 992 208 1076 στηρίων
241 990 300 1076 τῆς
333 993 544 1078 μεταγωγῆς,
581 987 626 1071 ὦς
650 995 778 1062 ἔδωκεν
800 985 822 1080 ἡ
843 989 951 1080 βουλὴ
980 992 1030 1084 τῷ

60 1085 156 1182 δήμφ
173 1085 236 1177 τὴν
254 1091 409 1172 ἐξουσίαν
426 1097 557 1182 κρίνειν
573 1087 633 1174 ούς
650 1087 694 1162 άν
706 1087 821 1176 αὐτοῖς
839 1090 1029 1178 δόξειετῶν

59 1195 257 1281 πατρικίου,
276 1192 332 1261 καὶ
348 1189 407 1263 τδυ
424 1186 509 1285 ύπδρ
526 1196 585 1282 τῆς
603 1200 829 1288 ψηφοφορίας,
847 1191 884 1278 ὃς
899 1190 961 1266 ούκ
979 1201 1028 1266 ἐτι
1046 1213 1079 1264 10

58 1290 120 1380 τὴν
144 1299 271 1380 λοχῖτιν
294 1296 491 1384 ἐκκλησίαν,
522 1292 608 1366 ἀλλά
629 1292 692 1384 την
714 1294 888 1387 κουριάτιν
922 1299 1028 1367 ἐποίει

57 1396 126 1464 τῶν
144 1389 270 1482 ψήφων
286 1399 418 1486 κυρίαν.

3 1503 48 1557 871
135 1493 338 1565 XXXXVII.
374 1493 570 1580 Διεξελθοδν
589 1496 626 1565 δὲ
643 1493 704 1568 τόν
725 1495 811 1588 ὑπὲρ
834 1499 894 1566 τοῦ
917 1493 1027 1586 δήμου

57 1593 171 1687 λόγον,
184 1599 384 1690 ἐπιστρέψας
403 1599 458 1669 ἐπὶ
475 1595 533 1669 τδν
548 1594 709 1669 Ἄππιον·
737 1594 872 1668 Ἔπειτα
889 1595 933 1668 σύ
948 1605 1027 1668 τολ-

58 1701 140 1791 μᾷς,
158 1698 243 1789 εἷπε,
261 1706 490 1792 λοιδορεῖσθαι
507 1697 654 1789 τούτοις,
674 1697 719 1770 δι’
740 1695 800 1780 οὓς
813 1695 942 1789 μεγάλη
963 1698 1026 1788 μὲν
1045 1717 1077 1768 ισ

59 1801 96 1870 ἐκ
113 1803 249 1891 μικρᾶς,
269 1801 434 1891 ἐπιφανὴς
459 1798 491 1870 δ’
513 1805 546 1885 ἐξ
567 1796 691 1886 ἀδόξου
712 1804 852 1891 γέγονεν
874 1794 1026 1889 ἡπόλιςς

58 1902 116 1973 καὶ
139 1902 336 1989 στασιαστὰς
371 1905 504 1995 ἕτέρους
538 1897 717 1987 ἀποκαλεῖς
752 1904 809 1974 καλ
832 1898 1028 1992 φυγαδικήν
1139 1979 1142 1984 ,

58 2032 135 2075 τινα
156 2003 263 2095 τύχην
284 2002 472 2095 ὀνειδίζεις,
496 2002 610 2095 ὥσπερ
626 2003 689 2095 οὐχ
709 2002 870 2077 ἁπάντων
887 2010 935 2075 ἐτι
952 2001 1027 2074 τού·

58 2133 128 2177 των
145 2109 366 2197 μεμνημένων
381 2105 419 2177 τό
438 2103 519 2178 καθ’
537 2101 642 2197 ύμᾶς,
660 2104 711 2177 ὅτι
733 2104 971 2187 στασιάσαντες
991 2110 1029 2175 οί

58 2210 113 2279 σοὶ
132 2205 290 2299 πρόγονοι
308 2205 390 2300 πρός
406 2206 483 2289 τούς
502 2212 541 2279 ἐν
556 2208 643 2277 τέλει
660 2210 716 2277 καὶ
733 2205 796 2295 τὴν
813 2210 943 2277 ἑαυτῶν
960 2233 1027 2276 πα·
1043 2225 1078 2277 26

57 2313 158 2401 τρίδα
181 2307 417 2391 καταλιπόντες
435 2304 555 2387 ἐνθάδ’
575 2304 769 2396 ἱδρύθησαν
785 2309 908 2392 ίκίταις
932 2314 964 2377 εί
979 2305 1026 2395 μὴ
1149 2320 1161 2337 ‘

58 2406 124 2499 ἀρα
141 2405 237 2500 ὑμεῖς
254 2412 317 2501 μὲν
335 2408 524 2491 ἐκλιπόντες
541 2407 604 2497 τὴν
618 2411 749 2479 ἑαυτῶν
765 2411 911 2498 πατρίδα
927 2404 1026 2499 πόθῳ

57 2515 117 2601 της
140 2516 335 2605 ἐλευθερίας
359 2509 463 2583 καλόν
486 2518 586 2603 ἐργου
605 2508 797 2602 ἐπράττετε,
818 2503 970 2599 Ῥωμαῖοι
989 2508 1027 2577 δδ

56 2611 99 2684 τά
115 2610 214 2703 ὅμοια
230 2612 314 2704 ύμλυ
331 2610 528 2702 δεδρακότες
551 2610 593 2684 ού
616 2609 728 2683 καλόν.
765 2613 886 2704 τολμᾷς
911 2610 948 2679 δέ
969 2611 1028 2679 καὶ

56 2711 121 2803 τὴν
137 2718 206 2787 τοῖν
223 2713 404 2807 δημάρχων
422 2718 579 2799 ἐξουσίαν
596 2712 642 2797 ὦς
660 2716 717 2784 ἐπὶ
731 2717 823 2809 κακῷ
840 2719 1027 2804 παρεληλν-
1045 2729 1079 2781 νο

57 2826 168 2893 θυίαν
186 2823 234 2899 είς
251 2815 313 2907 τὴν
329 2815 428 2889 πόλιν
445 2822 626 2907 λοιδορεῖν,
644 2819 701 2887 καὶ
719 2821 849 2897 πείθεις
871 2815 1028 2885 τουτουσὶ

58 2920 243 2989 καταλῦσαι
270 2947 334 3008 την
354 2921 424 2989 τῶν
446 2914 602 3007 πενήτων
628 2921 825 3008 ἐπικουρίαν
846 2944 908 3005 την
932 2914 1028 3005 ἱερὰν

57 3015 193 3091 καὶ’ί
132 3046 175 3089 ακ
177 3026 293 3109 ίνητον
309 3022 366 3091 καὶ
380 3018 539 3111 μεγάλαις
556 3017 810 3143 ἠσφαλισμένην
827 3019 865 3087 ἐκ
881 3020 974 3087 θεῶν
990 3040 1028 3085 τε

57 3122 115 3191 καὶ
132 3115 327 3213 ἀνθρώπων
344 3117 522 3211 ἀνάγκαις,
541 3150 568 3192 ιο
556 3110 823 3247 ζμισοδημότατε
837 3118 1028 3207 καλτυραν·

2 3219 237 3310 ειενικύτατε,
264 3226 321 3294 καὶ
338 3218 419 3295 οὐδὲ
436 3226 534 3295 τοῦτο
551 3219 618 3314 ἀρα
635 3219 805 3311 ἐδυνήθης
822 3231 958 3311 μαθεῖν,
976 3215 1028 3288 ὅτι
1045 3237 1082 3289 ευ

57 3327 100 3415 τῇ
115 3350 152 3393 τε
169 3327 277 3416 βουλῇ
295 3326 411 3396 καὶ
369 3352 409 3416 τη
426 3330 570 3397 σεαυτοῦ
588 3322 676 3415 ἀρχῇ
697 3329 804 3394 ταῦτα
827 3324 934 3411 λέγων
959 3329 1027 3390 λοι·

60 3428 160 3517 δορῇ,
196 3428 254 3497 καλ
283 3425 347 3518 γάρ
377 3424 398 3517 ἡ
427 3425 534 3515 βουλὴ
565 3429 771 3497 διαναστᾶσα
800 3421 913 3515 [πᾶσα]
942 3415 1028 3513 πρός
