2384 3850
355 83 535 130 xv111
997 42 1408 127 AnnorArio
1456 77 1736 126 CRITICA
2089 54 2095 61 ’
2354 65 2360 96 ῑ

356 204 590 266 Reiske
625 197 640 284 Ι
688 210 756 270 25
785 191 969 259 πάλιν
998 197 1287 277 προδοσία
1325 200 1495 272 libri,
1530 201 1794 259 correxit
1825 201 2086 281 Sylburg
2144 196 2155 280 Ι
2220 210 2314 264 26
2341 262 2346 271 ,

356 277 469 346 οὐκ
503 288 737 347 delevit
769 275 1040 385 'Sylburg
1069 273 1182 342 οὐκ
1213 271 1290 340 ἂν
1322 275 1627 360 ἐμπτύσειε
1656 285 1873 344 maluit
1900 286 2153 352 Reiske.
2366 279 2368 305 ⁴

531 367 671 446 142,
704 380 740 433 8
769 391 839 428 τα
873 370 1018 430 add.
1051 373 1108 428 B
1146 365 1154 449 Ι
1192 377 1263 431 28
1291 363 1571 444 φυλάξων
1600 369 1816 428 addidi
1849 390 1927 429 ex
1954 370 2033 430 A.
2321 428 2332 463 Ι

531 452 674 529 143,
715 465 750 516 4
791 448 1014 532 ὅψεως]
1060 450 1336 529 φύσεωςῖ
1378 449 1389 536 Ι
1425 462 1460 517 9
1488 445 1689 513 αὐτῶν
1721 457 1815 511 Βα
1857 455 1864 534 Ι
1907 458 1975 517 10
2006 452 2113 512 τοῦ
2126 454 2325 518 ‘adds

354 544 413 601 Β
447 537 459 622 Ι
499 551 568 603 13
608 530 1092 615 φιλοποιούμεθα
1136 543 1193 598 Β
1233 538 1445 613 φίλους
1483 529 1825 614 ποιούμεθα
1853 541 1904 597 A
1941 540 1950 619 Ι
2004 546 2071 600 18
2098 531 2302 610 οὕτως

355 625 599 685 addidit
641 627 907 707 Sylburg
945 619 957 707 Ι
994 633 1063 684 22
1101 623 1287 681 ταῦτα
1329 623 1474 684 add.
1507 627 1564 682 B
1602 619 1613 708 Ι
1649 630 1719 685 24
1749 612 1818 679 τὰ
1850 624 2124 702 expunxi
2156 643 2298 683 cum

354 713 411 768 B
487 711 549 769 ui
582 711 803 770 omisit.
1365 742 1369 746 ·

445 732 486 790 q
527 789 666 867 144,
711 802 744 854 4
785 783 900 870 ἐγώ
939 787 1050 868 μὲν
1094 792 1328 852 Reiske
1380 788 1388 873 Ι
1443 787 1506 851 δὲ
1548 791 1693 852 add.
1727 795 1783 849 B
1820 795 1830 866 Ι
1868 797 1902 849 6
1930 788 2193 850 αἰτεῖσθε
2225 812 2297 869 γε

348 866 566 954 ἀνοχὰς
596 873 692 934 ἐπὶ
726 874 1136 954 διαλλαγαῑςΒ
1175 874 1184 956 Ι
1228 886 1292 940 16
1320 869 1610 946 ἀποίκους
1626 880 1717 936 Bb
1748 881 1755 946 Ι
1783 885 1853 937 20
1882 871 1961 934 οὔ
1988 910 2071 919 -—
2102 878 2169 936 in
2187 897 2294 937 cu·
2367 945 2368 956 Ι

348 964 447 1022 ius
478 963 612 1022 loeo
645 963 856 1021 nescio
890 983 1012 1042 quo
1048 981 1194 1022 casu
1226 950 1308 1037 μὴ
1340 971 1531 1043 typys
1564 980 1921 1042 expressum
1954 970 2047 1021 est
2074 993 2161 1005 —-
2190 964 2294 1021 in·
2366 974 2368 988 ¹

351 1048 544 1123 serui3
572 1047 639 1106 in
657 1049 714 1104 B
733 1054 878 1126 post
906 1042 970 1104 δὲ
994 1045 1116 1106 duo
1148 1046 1393 1107 litterae
1420 1065 1636 1106 erasae
1674 1041 1685 1127 Ι
1716 1054 1865 1145 post
1886 1045 2071 1103 ταῦτα
2100 1047 2295 1106 trium

347 1132 690 1190 litterarum
731 1150 944 1191 rasura
985 1131 1052 1189 in
1100 1133 1188 1198 B;
1232 1150 1313 1189 an
1354 1133 1539 1188 ταῦτα
1584 1128 1657 1205 δη
1698 1125 2128 1207 απαγγέλλετεὲ
2170 1134 2180 1204 Ι
2221 1139 2291 1193 27

291 1245 303 1256 ·
352 1206 427 1291 δὴ
459 1236 574 1276 om.
608 1219 665 1273 B
702 1213 711 1295 Ι
751 1223 818 1277 29
849 1213 932 1286 εἰς
959 1205 999 1272 ἃ
1030 1215 1166 1274 libri
1198 1205 1297 1272 ἶσα
1325 1216 1594 1276 Hudson
1630 1209 1643 1297 Ι
1681 1235 1741 1272 τε
1772 1213 1917 1277 add.
1950 1217 2024 1274 B.
2199 1209 2204 1216 ¹
2367 1204 2368 1216 ¹

521 1294 661 1374 145,
695 1309 730 1360 2
759 1288 907 1378 πρὸς
936 1293 1172 1370 τούτοις
1200 1300 1417 1360 maluit
1445 1299 1671 1361 Reiske
1710 1294 1723 1382 Ι
1758 1309 1792 1362 9
1822 1291 2160 1375 αἰρήσοιντο
2189 1303 2248 1358 Β
2278 1308 2286 1370 Ι

348 1392 415 1447 25
457 1374 497 1458 ἢ
542 1384 750 1444 delevi
796 1404 931 1444 cum
962 1387 1019 1441 B
1058 1379 1068 1463 Ι
1106 1391 1170 1446 27
1206 1376 1453 1462 λογγάδι
1483 1383 1640 1459 libri,
1675 1385 1939 1445 correxit
1971 1385 2244 1464 Sylburg
2276 1392 2285 1453 Ι

345 1476 415 1531 32
443 1458 644 1526 αὐτῶν
677 1469 913 1528 delevit
942 1468 1184 1528 Portus,
2364 1486 2368 1530 ι’

520 1548 658 1628 146,
704 1558 738 1610 6
769 1545 1083 1629 Ἀλβίητας
1123 1556 1250 1627 ΑΒ,
1298 1544 1675 1627 Λαβινιάτας
1718 1551 1989 1632 Sylburg
2027 1548 2037 1634 Ι
2075 1560 2106 1616 7
2140 1555 2285 1612 Μο-

342 1636 641 1716 γιλλίνους
672 1641 729 1696 Β
755 1643 819 1708 18
848 1628 1245 1714 χωριελανοὺς
1274 1638 1428 1711 libri,
1454 1627 1866 1712 Κοριολανούς
1887 1638 2243 1717 Stephanus
2274 1645 2281 1706 Ι

346 1730 413 1784 18
456 1719 557 1780 καὶ
602 1731 750 1781 ante
791 1715 1266 1797 καταλυσάμενοι
1309 1721 1456 1801 add.
1487 1723 1711 1782 Portus
1751 1715 1763 1802 Ι
1800 1731 1869 1784 30
1897 1725 2020 1793 τοῖς
2051 1742 2168 1783 om.
2203 1727 2280 1784 B.

522 1802 663 1880 147,
711 1814 776 1868 16
822 1801 1027 1876 αὐτοῖς
1060 1806 1209 1865 add.
1243 1809 1300 1863 B
1334 1801 1347 1888 Ι
1386 1814 1455 1868 26
1486 1796 1818 1883 ὑπαίθριον
1848 1808 2069 1886 scripsi
2097 1796 2284 1885 ὑπερ-

343 1883 381 1949 ό
426 1909 521 1949 ιον
551 1890 713 1950 libri.

384 1910 417 1967 ρ
515 1969 666 2049 148,
731 1986 758 2039 1
805 1966 886 2031 δι’
941 1971 1174 2033 οἰωνῶν
1229 1976 1463 2036 Reiske
1509 1972 1742 2035 οἰωνῶν
1798 1980 1855 2035 Β
1904 1968 2039 2036 οἷον
2077 1981 2129 2036 A
2178 1972 2188 2057 Ι
2242 1972 2286 2053 ἢ

336 2049 567 2134 ἄλλης
598 2049 757 2129 τινὸς
788 2046 1042 2129 ὄττείαςῖ
1077 2054 1091 2141 Ι
1131 2070 1164 2123 6
1197 2058 1260 2119 δὲ
1291 2060 1435 2121 add.
1468 2064 1525 2119 B
1562 2062 1572 2138 Ι
1610 2070 1674 2122 21
1709 2056 2077 2120 ἕπέστειλενῖ
2139 2063 2148 2139 Ι
2212 2072 2283 2126 26

337 2132 448 2222 μὴ]
480 2139 708 2221 μηδένα
736 2147 830 2202 Βα
870 2140 881 2221 Ι
917 2153 986 2206 29
1015 2134 1135 2203 ὑπὸ
1168 2144 1309 2205 libri
1341 2140 1437 2204 ἐπὶ
1471 2146 1745 2206 Sintenis
1775 2147 1815 2205 l.
1846 2147 1889 2209 l.
1919 2147 2023 2206 IH
2051 2168 2114 2227 p.
2149 2157 2238 2209 15.

513 2224 661 2302 149,
709 2237 774 2292 17
817 2220 1116 2303 θελήσωσι
1156 2233 1214 2287 Β
1278 2224 1289 2310 Ι
1355 2238 1426 2291 22
1470 2222 1743 2305 δεόμεναι
1784 2230 1954 2306 libri,
2015 2234 2282 2293 correxit

340 2312 618 2374 Sintenis
662 2312 704 2372 1.
748 2314 792 2373 1.
840 2314 942 2374 III
984 2335 1046 2393 p.
1091 2325 1158 2378 15
1200 2310 1207 2396 Ι
1247 2323 1317 2378 23
1345 2306 1757 2389 ἆπελήλακενῖ
1796 2312 1807 2396 Ι
1845 2324 1916 2377 24
1944 2304 2181 2387 εὐνοίας
2208 2319 2281 2377 li-

335 2397 460 2473 bri,
511 2399 777 2459 con-exit
820 2399 1052 2459 Reiske
1090 2395 1102 2479 Ι
1138 2407 1211 2461 28
1238 2396 1554 2476 βαδίζομεν
1583 2401 1655 2460 Β.

508 2478 657 2555 150,
695 2492 760 2544 13
788 2482 1101 2558 προῆλθον
1131 2487 1188 2541 Β
1225 2479 1235 2565 Ι
1278 2493 1340 2548 17
1372 2475 1728 2561 οὖελουμνία
1758 2488 1815 2543 Β
1850 2488 1861 2561 Ι
1898 2493 1963 2545 21
1990 2474 2174 2544 αὗται
2202 2489 2280 2543 Β.

364 2596 369 2601 ·
509 2563 658 2638 151,
707 2577 738 2626 5
781 2564 968 2641 νήπια
1010 2564 1112 2625 καὶ
1156 2565 1326 2627 ταυτὶ
1368 2559 1473 2639 τοὶς
1511 2567 1790 2646 γενναίας
1830 2567 1927 2628 ἴθι
1959 2573 2097 2638 AB,
2149 2590 2280 2630 cor-

332 2652 494 2711 rexit
540 2650 816 2711 Sintenis
861 2652 902 2710 l.
947 2652 991 2710 l.
1036 2653 1140 2711 III
1183 2673 1247 2731 p.
1293 2662 1362 2715 29
1448 2664 1484 2716 8
1512 2653 1857 2713 σπείσεσθαι
1888 2656 1945 2713 Β
1981 2649 2100 2761 ΙΙΊ
2130 2643 2280 2728 ἆλη-

333 2734 469 2805 θοῖς
511 2734 658 2794 add.
692 2738 748 2791 B
785 2738 796 2811 Ι
837 2743 900 2797 17
934 2732 1173 2812 ἔκγονοι
1200 2739 1344 2797 ABb
1407 2757 1613 2816 γγονοι
1642 2742 1736 2797 Βα
1776 2734 1787 2818 Ι
1829 2749 1892 2802 19
1922 2759 2104 2798 αυτ-αι
2127 2742 2277 2808 AB!

335 2809 678 2879 διελύσαντο
727 2819 896 2892 libri,
967 2820 1135 2899 quod
1181 2824 1415 2882 correxi
1482 2823 1491 2898 Ι
1558 2830 1619 2885 21
1669 2814 1779 2896 τὴν
1830 2824 1975 2884 add.
2009 2827 2065 2881 B
2129 2819 2143 2902 Ι
2210 2833 2283 2887 24

333 2897 599 2982 ἐγγόνοις
631 2925 745 2964 om.
777 2907 834 2962 B
869 2898 879 2985 Ι
919 2911 989 2966 29
1021 2902 1210 2981 ἐσίγα·
1255 2902 1784 2981 συνοδυρομένωνῗ
1823 2901 1834 2989 Ι
1875 2918 1938 2971 31
1971 2900 2011 2983 ἡ
2047 2930 2165 2969 om,
2200 2913 2279 2967 Β.

505 2984 656 3063 152,
704 2995 735 3050 7
778 2978 891 3062 τήν
935 2980 1226 3063 δύστηνον
1255 2988 1450 3051 οἰκίαν
1480 2993 1531 3049 A
1596 2992 1606 3061 Ι
1671 2999 1705 3053 9
1744 2991 2052 3065 μαθοῦσαι
2084 2989 2281 3067 λέγειν

331 3073 476 3133 add.
509 3077 566 3131 B
603 3069 614 3154 Ι
655 3084 722 3135 10
750 3071 823 3153 τῇ
855 3070 994 3155 δίκῃ
1021 3078 1164 3149 ABb
1204 3081 1213 3147 Ι
1257 3085 1317 3136 11
1350 3070 1698 3151 καθημένας
1720 3075 1862 3136 add.
1888 3080 1945 3135 B
1980 3072 1994 3157 Ι
2034 3086 2099 3145 14
2127 3070 2280 3136 ἅνα-

331 3152 703 3232 καλουμένας
733 3158 903 3232 libri,
953 3177 1104 3219 corr.
1136 3159 1363 3220 Portus
1404 3161 1415 3236 Ι
1457 3170 1519 3223 15
1550 3148 1788 3218 ἄποθεν
1817 3165 1908 3220 Bb
1945 3157 1957 3242 Ι
1995 3169 2066 3227 23
2092 3156 2282 3238 ’ἡμῶν

328 3239 500 3316 libri,
551 3262 703 3302 corr.
742 3241 1063 3303 Gelenius·

505 3322 652 3402 153,
697 3336 730 3387 2
769 3321 834 3385 τὸ
877 3324 1164 3405 νεώτερον
1207 3331 1264 3385 Β
1329 3329 1340 3401 Ι
1405 3337 1472 3390 31
1513 3331 1698 3387 ταῦτα
1740 3329 1954 3390 addidi
2017 3338 2280 3397 auctore

330 3410 623 3487 Reiskio,
671 3414 779 3493 qui
823 3413 1042 3474 maluit
1085 3407 1187 3470 καὶ
1220 3409 1405 3471 ταῦτα
1434 3409 1663 3489 μηδένα
1692 3410 1879 3490 μηδὲν
1910 3400 2155 3473 ἀδικῶν.

2267 3590 2281 3699 ἱ

2270 3733 2320 3813 iia
