2384 3850
440 115 640 176 ..Θ-

2 295 4 340 ἕ
44 290 275 380 παρελθοῦσα
298 283 379 359 καθ’
405 288 518 378 ἑτέρας
539 281 639 368 όδοὺς
662 284 892 378 ἀφυλάκτους,
913 291 1026 379 ἐνέβα-

43 400 118 460 λεν
134 397 180 472 είς
197 386 259 479 τὴν
271 384 441 479 Ρωμαίων
448 393 533 514 γῆγ,
554 417 575 478 η
561 383 782 460 “πλελστον’
762 387 956 516 ἀφειστήκει
967 396 1027 481 τῆς

43 487 179 582 ὁμόρου
193 493 248 562 καὶ
263 490 319 562 διά
330 498 426 562 τοῦτο
438 487 630 580 ἀφύλακτος
643 479 701 579 ἦν
726 482 793 573 ἐξ
771 518 810 579 ης
823 489 1027 616 ἀνθρώπους

46 621 92 664 τε
108 592 254 674 πολλοὺς
269 590 464 684 συνήρπασε
477 594 533 662 καὶ
546 590 708 711 χρήματα,
729 591 885 664 λαθοῦσά
897 622 933 664 τε
945 591 1026 676 τούς

46 691 119 764 σὺν
137 698 184 788 τῷ
203 702 348 790 Κοιντίφ
366 693 567 786 περιπόλους
584 697 643 782 τῆς
661 697 822 786 σφετέρας
840 701 902 784 γῆς
919 691 1060 784 ἀπηλ-5

46 808 120 866 θεν
140 797 193 866 έπλ
212 793 252 866 τά
268 803 385 867 οἰκεία.
413 802 510 868 τούτο
529 799 679 886 συνεχῶς
693 798 886 887 ἐγίὺετοκαὶ
899 794 1028 885 πολλὴν

46 913 215 988 παρεῖχεν
237 896 400 989 αἰσχύνην
416 914 485 980 τοϊς
508 895 657 979 ὑπάτοις.
701 905 814 970 ἔπειτα
831 897 953 987 μαθὺν
972 898 1028 969 διὰ

49 996 277 1071 κατασκόπων
299 1027 335 1072 τε
358 1003 415 1071 καὶ
438 997 658 1090 αίγμαλοότων
680 993 699 1070 6
724 997 851 1089 Φάβιος
875 1003 1027 1090 έξεληλυ·

50 1113 164 1170 θυίαν
188 1103 225 1171 έκ
248 1106 308 1172 τοῦ
332 1099 474 1192 χάρακος
497 1104 566 1172 τω”ν
585 1105 746 1173 Αἰκανῶν
761 1098 824 1191 την
848 1109 1028 1193 κρατίστην

53 1199 214 1291 δύναμιν,
230 1206 266 1272 έν
279 1205 321 1294 τῇ
333 1209 526 1295 παρεμβολῇ
540 1201 734 1274 καταλιπόν
745 1200 823 1286 τούς
836 1202 1028 1296 πρεσβυτά-
1046 1226 1079 1275 10

50 1331 134 1384 τους
158 1299 402 1394 αὑτός-ἐξῆλθε
430 1301 562 1394 νύκτωρ
589 1308 719 1375 ἱππέων
744 1303 947 1395 ἐπαγόμενος
970 1308 1027 1376 καὶ

48 1407 114 1474 τοὺ
130 1408 231 1490 πεζοὺ
247 1403 284 1476 τό
300 1402 529 1497 ἀκμαιότατον.
558 1411 593 1476 οί
607 1406 671 1494 μὲν
684 1395 747 1477 οὑν
768 1408 911 1477 Αἰκανοὶ
935 1412 1027 1496 διηρ-

9 1529 41 1577 18
53 1504 199 1590 πακότες
215 1503 256 1577 τά
272 1514 378 1599 χωρία
395 1503 445 1592 οἷς
465 1509 626 1595 ἐνέβαλον
643 1503 809 1598 ἀπηεσαν,
829 1505 1029 1597 ὑπαγόμενοι

52 1607 180 1690 πολλάς
199 1604 371 1697 ἀφελείας·
397 1607 415 1681 6
436 1609 474 1680 δέ
492 1606 620 1697 Φάβιος
637 1605 678 1680 οὑ
696 1604 784 1681 πολὺ
800 1613 1028 1699 προελθοῦσιν

54 1706 170 1792 αὑτοῖς
195 1713 405 1800 ἐπιφαίνεται
428 1712 485 1782 καὶ
507 1709 570 1800 τήν
593 1738 631 1780 τε
649 1717 745 1780 λείαν
762 1705 953 1801 ἀφαιρεῖται
970 1712 1026 1781 καὶ
1046 1731 1078 1780 15

51 1809 143 1903 μάχη
178 1809 256 1895 τούς
284 1807 530 1902 ὑπομείναντας
561 1819 640 1904 νικᾷ
670 1812 871 1901 γενομένους
901 1809 1028 1902 ἄνδρας

52 1910 222 2003 ἀγαθούς·
266 1919 301 1985 oc
323 1914 361 1986 δέ
378 1916 488 1985 λοιποὶ
505 1911 673 2005 σποράδες
691 1917 845 2006 ἐμπειρίᾳ
862 1908 954 1986 ὁδῶν
971 1922 1027 1984 λα-

51 2015 175 2098 θόντες
203 2015 487 2101 τοὺς.διοόκοντας
511 2019 703 2106 κατέφυγον
726 2022 773 2099 είς
802 2015 861 2087 τὸν
889 2014 1026 2109 χάρακα.

53 2119 129 2189 ἐπεὶ
146 2116 185 2188 δέ
201 2116 311 2207 ταύτή
319 2114 649 2211 ἀνεκρούσθησαν
612 2147 631 2188 ο
634 2120 802 2191 ίΑίκανολ
815 2125 856 2208 τῇ
870 2123 1029 2210 συμφορᾷ

52 2246 144 2309 παρα
134 2216 264 2303 δόξαν
282 2227 378 2309 σφίσι
395 2222 575 2310 γενομένη,
600 2216 762 2299 λύσαντες
779 2218 842 2307 τὴν
859 2227 1025 2309 παρεμβο·
1044 2238 1078 2287 20

52 2320 118 2409 λὴν
135 2316 202 2391 ὑπὸ
221 2318 326 2391 νύκτα
344 2318 469 2415 βχοντο
487 2321 544 2391 καὶ
567 2316 679 2390 ούκίτι
697 2318 734 2389 τό
752 2316 870 2389 λοιπόν
889 2317 1029 2410 ἐξῄεσαν

53 2424 167 2511 ἕκτης
184 2420 327 2505 πόλεως
355 2419 428 2492 ἀλλ’
449 2418 622 2512 ἠνείχοντο
646 2416 740 2491 σῖτόν
769 2448 806 2491 τε
828 2414 864 2501 δς
885 2418 957 2490 έν
939 2428 1029 2512 ακμῇ

50 2520 128 2593 τότε
150 2512 192 2610 ἦν
216 2518 542 2649 συγκομιζόμενον
521 2520 587 2593 υπδ
605 2550 674 2594 των
691 2528 860 2611 πολεμίων
877 2524 934 2591 καὶ
952 2518 1028 2610 ἀγέ-

29 2622 115 2706 Ιλας
142 2622 364 2714 βοσκημάτων
389 2621 700 2715 ἀπελαυνομένας
685 2652 846 2713 ορωντες,
877 2621 1029 2714 χρήματά

52 2755 90 2797 τε
109 2724 353 2815 διαρπαζόμενα
366 2728 422 2797 καὶ
436 2722 540 2809 αὑλάς
554 2727 638 2817 πνρλ
652 2728 829 2815 διδομένας
842 2726 898 2795 καὶ
911 2733 1028 2817 αίχμα-
1045 2748 1079 2797 25

53 2824 181 2908 λάτους
205 2825 348 2909 πολλοὺς
371 2824 564 2918 ἀγομένους.
608 2830 707 2899 τούτο
726 2825 1027 2919 διαπραξάμενοςό

55 2925 200 3016 Φάβιος,
229 2928 343 3018 ἐπειδὴ
366 2932 577 3018 παραδοῦναι
601 2926 660 3011 τάς
683 2924 785 3019 ἀρχάς
805 2929 927 3018 ἑτέροις
946 2935 1027 3018 ἔδει,

53 3028 116 3121 τὴν
133 3028 279 3120 δύναμιν
297 3026 485 3122 ἀναστήσας
503 3028 628 3121 ἀπῆγε·
646 3027 683 3100 τδ
701 3029 740 3099 δὲ
757 3025 839 3099 αὑτό
857 3031 912 3099 καὶ
929 3037 1027 3101 Κοίν-

53 3160 122 3214 τιος
141 3133 255 3203 ἐποίει.

130 3232 228 3302 LXII.
270 3228 480 3324 Ἀφικόμενοι
506 3230 539 3304 δ’
561 3240 608 3315 είς
625 3230 689 3320 τὴν
702 3227 831 3321 Ῥάμην
847 3226 1028 3316 ἀπέδειξαν
1046 3258 1079 3309 30

0 3351 42 3402 19
52 3329 201 3417 ὑπάτους
215 3324 333 3405 Αὑλον
348 3334 539 3425 Ποστόμιον
547 3330 672 3422 ’Ἄλβον
689 3335 747 3404 καὶ
759 3331 926 3423 Σερούιον
939 3331 1029 3404 Φού-

54 3464 136 3529 ριον.
155 3443 191 3508 ολ
201 3436 263 3527 μέν
276 3434 319 3527 δὴ
331 3439 451 3507 νεωστὶ
465 3434 717 3530 παρειλήφεσαν
728 3434 791 3527 τὴν
803 3431 924 3533 ἀρχήν·
939 3434 1029 3527 παρά
