2384 3850
443 131 647 191 ..μμΜ

71 303 270 390 παρακινοῦν
288 304 327 371 έν
343 304 385 392 τῇ
401 300 497 372 πόλει
513 305 611 392 μέρος
635 306 691 373 καί
707 302 952 395 ταραττόμενον
964 334 1030 382 ,κα-

70 411 245 474 ταστεῑλαι·
273 408 368 491 ἔτυχε
391 400 454 492 γάρ
474 407 512 474 ἐν
528 410 574 498 τῷ
592 400 683 498 αύτῷ
707 403 816 498 χρόνςο
841 415 1029 500 ληστηρίοις

69 531 101 572 ιε
122 501 189 574 ὑπδ
212 507 280 574 τοῖν
305 503 547 596 πλησιοχώρων
570 503 702 576 πόλεων
726 508 783 576 καὶ
806 514 1029 599 καταδρομαῖς

69 625 150 675 τισιν
166 600 188 694 6
207 610 249 695 γῆ
266 608 490 696 βλαπτομένη.
534 614 693 699 τιμωρίας
716 608 778 698 μὲν
802 606 844 697 66
870 615 939 679 τῶν
957 606 1028 679 άδι-
1090 660 1096 667 -

69 704 215 778 κοάντων
238 710 338 779 ἕνεκα
360 705 557 798 προύθεσαν
578 707 619 779 τά
642 711 704 780 τού
727 713 873 800 πολέμου
896 729 1027 800 σημεῖα,
1064 737 1078 785 5

70 810 119 877 καί
136 805 193 891 τάς
213 806 373 899 δυνάμεις
390 813 449 899 τῆς
467 809 595 892 πόλεως
613 812 838 903 κατέγραφον·
867 808 908 882 ού
926 836 1027 902 προσ-

70 906 183 982 ιόντων
214 912 252 981 δδ
281 914 324 1002 τῇ
351 915 551 1004 καταγραφῇ
576 915 646 983 τῶν
676 908 830 1004 ἀπόρων,
866 911 1028 984 ἀδύνατοι

69 1006 155 1093 ὄντες
183 1009 246 1101 τὴν
277 1014 315 1083 έκ
337 1014 406 1084 τάν
428 1011 544 1103 νόμων
566 1010 722 1137 ἀνάγκην
748 1030 817 1097 τοῖς
848 1010 1028 1086 ἀπειθοῦσι

69 1115 278 1205 προσφέρειν
296 1112 561 1238 πρρειστήκεσαν
576 1114 642 1209 γάρ
659 1145 720 1187 του
709 1115 886 1205 πλήθους
898 1122 933 1187 οί
943 1115 1028 1208 δήμ-

13 1230 154 1337 τοιαρχρι
184 1217 241 1285 καί
268 1214 434 1287 κωλύσειν
465 1223 620 1307 ἔμελλον,
650 1228 684 1288 εί
710 1247 759 1300 τις
789 1217 1027 1311 ἐπιχειρήσειεν
1047 1243 1078 1291 10

69 1308 139 1402 666
155 1314 294 1441 στόματα
315 1344 385 1388 των
408 1316 690 1390 ἐκλειπόντων
653 1347 716 1408 την
738 1318 954 1409 στρατείαν”
934 1349 1028 1410 αγειν

68 1409 139 1538 εἶτά
151 1417 306 1545 χρήματα
329 1422 461 1509 φέρειν
489 1418 643 1502 ἀπειλαῖς
665 1418 867 1545 χρησάμενοι
890 1430 1027 1504 πολλαῖς

13 1610 16 1619 Ι
69 1513 109 1599 ἀς
123 1518 185 1591 οὐκ
204 1523 436 1613 ἐπιτρέψοντες
452 1537 522 1603 τοῖς
539 1518 735 1591 ἀνασείουσι
751 1520 788 1592 τὸ
807 1525 955 1611 πλῆθος,
975 1532 1027 1591 λε-

68 1629 208 1710 ληθυῖαν
222 1617 375 1707 ύποψίαν
385 1625 564 1694 κατέλιπον
576 1617 620 1704 ὥς
639 1619 817 1714 δικτάτορα
833 1620 1027 1706 ἀποδείξον-

67 1750 132 1813 τες,
164 1720 203 1805 δς
233 1731 349 1816 ἔμελλε
380 1723 571 1807 καταλύσας
600 1723 663 1808 ’τάς
694 1721 795 1806 άλλας
831 1719 933 1816 ἀρχάς
964 1721 1026 1812 τὴν
1044 1747 1076 1796 15

66 1823 266 1916 τυραννικὴν
289 1829 345 1898 καί
368 1823 613 1898 ἀνυπεύθυνον
631 1824 731 1918 μόνος
756 1829 842 1911 ἕξειν
861 1828 1025 1909 ἐξουσίαν.

67 1921 107 2008 δς
132 1930 169 2000 δὲ
194 1926 321 2018 ταύτην
356 1936 479 2017 ἔλαβον
504 1927 567 2018 τὴν
591 1925 756 2001 ὑπόνοιαν
782 1935 818 2000 ολ
843 1934 1026 2020 δημοτικοί,

67 2035 231 2112 δείσαντες
254 2029 300 2121 μὴ
324 2028 384 2102 τὸν
407 2028 555 2103 ’Ἁππιον
577 2029 780 2116 ἀποδείξωσι
802 2033 924 2125 πικρὸν
947 2029 1027 2103 ὅντα

67 2135 118 2202 καὶ
133 2131 300 2222 χαλεπόν,
318 2131 428 2204 πάντα
444 2132 510 2224 πρὸ
528 2131 650 2204 τούτου
667 2133 807 2256 πάσχειν
824 2132 999 2222 ὑπέμενον.

135 2234 300 2304 LXXXII.
326 2231 414 2307 Ἐπεὶ
441 2235 479 2304 δέ
502 2232 696 2359 κατεγράφη
719 2233 760 2304 τά
783 2232 1024 2325 στρατεύματα,
1045 2257 1077 2305 20

65 2334 401 2459 παραλαβόντεςοί”
378 2362 501 2408 υπατοι
527 2334 586 2418 τάς
610 2332 769 2423 δυνάμεις
794 2332 954 2457 ἐξήγαγον
973 2337 1027 2403 ἐπὶ

64 2435 137 2519 τούς
135 2446 341 2562 πολεμίους.
375 2436 563 2530 Κορνήλιος
585 2425 713 2527 μὲν
671 2465 734 2506 ουν
758 2441 806 2518 είς
823 2433 886 2523 τὴν
906 2434 1026 2506 Οὐιεν-

64 2544 170 2612 ιανύν
188 2538 307 2664 χώραν
331 2536 545 2630 έμβαλεδν
509 2568 572 2628 την
595 2542 909 2628 ἐγκαταληφθεῖσαν
932 2543 1026 2607 λείαν

15 2676 16 2686 ¹
65 2640 154 2710 ἐν’
117 2671 200 2732 αντη
188 2638 381 2731 ἀπήλασε,
411 2643 471 2711 καὶ
488 2637 570 2730 μετά
592 2644 698 2711 ταῦτα
720 2639 1027 2731 πρεσβευσαμένων

63 2748 129 2813 τῶν
152 2740 371 2814 Ούιεντανῶν
393 2742 472 2824 τούς
495 2769 531 2812 τε
556 2739 785 2832 αίχμαλύτους
810 2739 923 2823 αὐτοῖς
944 2739 1027 2811 ἀπέ-
1044 2760 1077 2810 25

65 2852 141 2914 λυσε
159 2844 354 2935 χρημάτων,
382 2846 438 2915 καί
456 2840 585 2933 Ιἀνοχάς
609 2844 670 2915 τού
684 2845 833 2934 πολέμου
859 2846 1025 2913 συνέθετο

15 2947 262 3028 ἴθθίνιαυσίονς.
292 2946 418 3035 Φάβιος
438 2946 476 3016 δέ
492 2944 555 3034 τὴν
574 2946 693 3036 ἑτέραν
711 2943 857 3034 δύναμιν
874 2951 960 3032 έχων
980 2950 1026 3022 είς

65 3047 122 3136 τὴν
139 3051 302 3121 Αίκανων
319 3053 383 3139 γῆν
402 3050 577 3136 ἐ·νέβαλεν
607 3043 711 3118 ἔπειτ’
737 3048 871 3116 ἐκεῖθεν
895 3050 942 3125 είς
966 3041 1027 3130 τὴν

68 3148 298 3223 Οὐολούσκων.
344 3148 466 3242 χρόνον
492 3138 616 3238 μὲν
576 3177 639 3218 ουν
662 3175 737 3218 τινα
760 3144 802 3216 06
825 3142 934 3218 πολύν
951 3142 1027 3234 666-

66 3271 178 3341 σχοντο
196 3259 232 3323 ολ
245 3250 454 3377 Ούολρύσκοι
473 3249 746 3342 διαρπαζομένων
764 3246 877 3331 αὐτοῖς
892 3249 949 3318 καὶ
962 3274 1027 3316 κει·
1045 3267 1078 3318 30

67 3357 212 3445 οομένων
236 3357 305 3426 τοῖν
326 3351 456 3446 ἀγρῶν
485 3359 599 3424 ἔπειτα
623 3374 936 3442 καταφρονησάντες
959 3351 1027 3417 τάν

62 3446 273 3548 Ρωμαίων
249 3485 294 3540 ως
311 3453 354 3527 06
376 3456 485 3544 πολλη
508 3451 649 3544 δυνάμει
673 3451 866 3544 παρόντων,
899 3447 1027 3536 ἐξεβοή-
