2384 3850
169 92 233 155 216
554 128 590 139 -
638 92 752 154 H‘-

170 296 223 361 μρι
242 270 453 357 στρατιωτῶν
470 262 624 354 ἦξίουν’
608 269 742 353 ετέρους
760 262 1000 357 καταγράφειν,
1028 258 1082 334 ινα
1098 262 1129 333 τό

170 298 301 449 ἐλλιπὲς
318 363 551 460 ἀναπληρωθῇ
569 370 637 439 των
656 365 772 496 λόχων.
810 397 865 439 και
854 364 985 489 δόγμα
1004 364 1130 455 ποιησά-

171 498 267 559 μενοι
297 472 420 559 βουλῆς
443 471 660 559 προέγραφον
691 464 834 559 ἡμέραν,
872 456 962 538 έν
938 496 958 559 η
985 485 1130 558 παρεῖναι

171 571 249 654 τούς
268 579 403 661 ἔχοντας
420 570 555 659 ἡλικίαν
572 568 816 660 στρατεύσιμον
834 576 911 640 ἔδει.
943 568 1026 658 μετά
1044 597 1130 659 τουτο

137 671 320 766 εθόρνβος
344 662 387 760 ἦν
404 669 509 753 πολύς
533 669 616 742 κατά
638 700 701 761 την
724 670 822 743 πόλιν
845 668 944 759 ὅλην,
970 672 1026 740 καλ
1049 668 1130 759 λόγοι

171 779 240 845 τῶν
256 771 469 845 πενεστάτων
482 771 678 855 στασιώδεις
695 771 758 846 οὐκ
775 771 960 857 ἀξιούντων
972 768 1049 842 ούτε
1062 779 1130 861 βον-

172 882 231 964 λῆς
245 874 409 965 δόγμασιν
421 873 603 966 ὑπηρετεῖν
615 872 693 945 ούτε
703 869 843 946 ὑπάτων
856 877 989 966 ἐξουσίᾳ
1003 885 1129 960 πειθαρ-

172 994 261 1067 χελν,
289 975 340 1046 ὅτι
357 973 414 1057 τάς
432 979 584 1067 περὶτῆς
603 984 802 1067 κληρουχίας
820 974 1018 1064 ὑποσχέσεις
1044 972 1128 1057 ἐψεύ-

173 1097 274 1147 σαντο
292 1074 374 1166 πρός
392 1072 530 1159 αύτούς·
566 1076 740 1159 συνιόντες
764 1107 802 1148 τε
829 1075 911 1149 κατὰ
939 1080 1067 1165 πλῆθος
1086 1075 1130 1144 ε’τλ

121 1203 154 1252 10
172 1174 251 1260 τούς
288 1176 477 1269 δημάρχους
507 1176 678 1263 ὠνείδιζον
707 1176 820 1261 αύτοίς
847 1183 1049 1269 προδοσίαν,
1083 1176 1129 1246 καὶ

127 1326 130 1328 Δ
172 1277 343 1367 κατεβόων
362 1277 617 1369 ἐπικαλούμενοι
635 1280 696 1368 τὴν
716 1283 748 1363 ἐξ
772 1284 911 1351 ἐκείνων
938 1285 1127 1369 συμμαχίαν.

171 1397 240 1462 τοῖς
274 1381 336 1470 μέν
370 1371 431 1452 οὑν
461 1379 572 1463 ἄλλοις
608 1379 671 1452 ούκ
696 1378 804 1453 ἐδόκει
825 1378 942 1469 καιρός
970 1375 1130 1470 ἁρμόττων

172 1482 259 1574 εἶναι
285 1484 431 1572 πολέμου
457 1484 664 1565 συνεστῶτος
688 1478 871 1574 ὑπερορίου
894 1480 952 1563 τάς
970 1477 1172 1559 πολιτικάςλλλ

171 1590 294 1676 ἔχθρας
311 1580 558 1674 άναζωπνρεῐν·
578 1581 626 1667 εἷς
644 1586 686 1655 δέ
699 1613 748 1666 τις
768 1580 928 1669 έξαύτύν
939 1581 1128 1665 ΓάλοςΜαί·

122 1714 155 1763 15
173 1714 244 1767 νιος
262 1681 325 1756 ούκ
348 1692 413 1774 ἔφη
431 1684 622 1776 προδώσειν
639 1683 716 1769 τούς
735 1684 950 1776 δημοτικούς,
978 1681 1051 1754 οὐδ’
1070 1686 1127 1753 ἐπι-

169 1789 305 1878 τρέψειν
321 1804 389 1868 τοῖς
407 1784 546 1869 ὑπάτοις
564 1785 723 1878 στρατιάν
740 1784 967 1877 καταγράφειν
974 1788 990 1873 ,’
1013 1785 1068 1855 ἐὰν
1088 1782 1127 1873 μὴ

171 1887 334 1980 πρότερον
377 1884 579 1972 ἀποδείξωσι
613 1886 692 1972 τούς
727 1887 860 1980 όριστόις
895 1892 952 1976 τῆς
978 1892 1127 1978 δημοσίας

171 1994 243 2078 γῆς,
263 1991 319 2058 καὶ
336 1985 372 2058 τό
391 1992 542 2081 περὶτῆς
560 1997 761 2081 κληρουχίας
779 1988 935 2080 ψήφισμα
952 1989 1128 2082 γράψαντες

172 2096 218 2170 εἰς
241 2087 299 2159 τόν
323 2091 429 2178 δῆμον
455 2092 680 2180 ἐξενέγκωσιν.
735 2087 979 2180 ἀντιλεγόντων
1004 2092 1040 2162 δὲ
1057 2086 1128 2176 πρὸς

120 2219 154 2268 20
172 2193 277 2261 ταῦτα
299 2197 368 2262 τοῖν
386 2188 539 2282 ὑπάτων,
576 2195 632 2264 καλ
641 2191 830 2316 πρόφασιν
853 2195 1061 2282 ποιουμένων
1076 2193 1127 2260 τοὺ

170 2289 342 2382 μηθέν’
299 2297 390 2363 αυτω
414 2310 603 2386 συγχωρεῖν
626 2323 674 2366 ων
698 2290 850 2382 ἠξίου
817 2324 876 2366 τον
899 2299 936 2366 ἐν
953 2295 1065 2385 χερσὶν
1080 2288 1127 2360 όν-

171 2423 211 2463 τα
237 2364 400 2486 πόλεμοὺ,
437 2391 501 2466 ούκ
526 2402 591 2484 ἔφη
618 2397 792 2486 προσέξειν
819 2391 933 2478 αύτοις
960 2397 1018 2467 τὸν
1043 2398 1126 2475 νοῦν,

171 2493 255 2565 άλλδι
274 2495 440 2568 κωλύσειν
458 2491 571 2589 άπάση
590 2495 780 2587 δυνάμει
745 2525 807 2586 την
821 2493 1047 2587 καταγραφήν
1080 2492 1126 2562 καὶ

173 2600 277 2670 έποίει
294 2600 413 2667 ταύτα
433 2593 473 2668 ού
490 2595 558 2687 μὴν
576 2603 693 2688 ἴσχυσέ
709 2627 747 2687 γε
764 2601 860 2690 μέχρι
875 2600 1002 2680 τέλους.
1028 2601 1061 2668 οί
1074 2589 1127 2683 γάρ

118 2723 154 2772 25
172 2692 291 2766 ὑπατοι
315 2696 540 2784 προελθόντες
564 2703 683 2782 ἔξω
644 2727 702 2788 της
720 2698 846 2781 πόλεως
866 2702 967 2772 ἐν
919 2729 966 2794 τρι
984 2721 1127 2789 παρακει-

171 2798 261 2891 μένῳ
294 2804 400 2869 πεδίω
432 2796 511 2880 τούς
551 2799 788 2890 στρατηγικοὺς
820 2807 963 2892 δίφρους
996 2809 1124 2888 ἔθηκαν

172 2901 319 2970 ἐνταῦθα
345 2903 400 2971 καὶ
417 2897 476 2971 τόν
499 2899 735 2990 στρατιωτικόν
745 2905 926 3025 ἐποιοῦντο
945 2899 1126 2988 κατάλογον,

171 3003 227 3070 καλ
250 3000 336 3086 τούς
350 3000 411 3093 οὐχ
429 2996 661 3084 ὑπακούοντας
687 3018 755 3085 τοῖς
780 3001 909 3126 νόμρις,
943 2997 1057 3090 ἐπειδη
1078 2995 1126 3070 αύ-

171 3098 248 3182 τούς
266 3099 360 3190 άγειν
378 3099 439 3192 οὑχ
456 3095 611 3174 οἷοίτ’
590 3125 741 3194 ησαυ,ε
744 3112 773 3186 ίς
790 3103 941 3196 χρήματα
968 3108 1124 3224 ἐζημίουν·

119 3229 153 3279 30
170 3197 260 3281 ὅσοις
285 3204 347 3323 μέγ
378 3211 484 3293 χωρία
509 3198 675 3295 ὑπηρχεν,
711 3205 927 3288 ἐκκόπτοντες
953 3210 1055 3276 ταύτα
1080 3199 1164 3272 καλλί-

171 3298 228 3382 τάς
253 3299 358 3380 αὐλάς
382 3309 638 3392 καθαιροῦντες
666 3303 755 3375 ὅσων
774 3307 811 3376 δέ
829 3305 1009 3396 γεωργικὸς
1026 3335 1045 3376 ο
1033 3305 1125 3392 βίος

172 3403 214 3488 ἠν
245 3404 282 3473 έν
311 3398 496 3493 άλλοτρίοις
526 3402 683 3493 κτήμασι,
720 3403 847 3478 τούτων
870 3405 1007 3497 άγουτές
1029 3403 1125 3476 τεκαὶ
