2384 3850
445 108 644 167 -Z—
993 109 1032 174 91

54 307 119 403 της
144 276 306 349 οὑδέποτε
329 281 536 369 πειραθῆναι
560 280 751 371 συνέβη
711 311 830 372 τνχης,
854 281 927 354 ἀλλ’
950 280 1034 373 αὑτὴ

55 380 100 449 τά
121 385 237 450 δίκαια
253 376 362 450 τάττει
381 377 437 448 διά
455 379 579 462 παντὸς
599 384 730 508 ἑτέροις.
761 411 776 452 ε
779 384 847 472 ίδὴ
861 382 1034 478 βάρβαρον

57 479 176 552 αὑτων
192 480 230 551 τὸ
253 482 348 569 γένος
371 471 431 571 ἦν,
457 481 619 554 τοσούτου
643 481 686 554 άν
710 487 853 574 ἐδέησαν
876 484 1029 556 αὐτοὶ
993 516 1035 558 τα

57 587 202 675 πατρῷα
226 589 299 674 ίερα
287 580 373 653 καὶ
389 580 467 665 τούς
494 587 692 676 ἐπιχωρίους
718 585 921 676 ἔθισμοὺς’
903 614 1035 677 απομα-

55 697 158 773 θεῖν,
192 682 236 754 δι’
264 681 323 766 063
347 692 394 766 είς
417 683 584 775 τοσαύτην
604 691 778 779 προῆλθον
802 685 1034 778 εὐδαιμονίαν,
1069 715 1086 764 5
1177 767 1179 770 ,

58 784 148 855 ὥστε
178 787 234 856 καὶ
265 803 335 867 τοῖς
360 783 474 868 άλλοις
506 782 632 858 ἅπασιν
663 781 712 859 οἷν
741 780 844 881 ἦρχον
876 793 913 860 ἐν
942 795 1033 884 καλῷ
1183 882 1184 886 ¹

58 889 269 977 κατέστησαν
294 885 372 969 τούς
397 887 500 970 θεοὺς
526 906 595 970 τοϊς
623 893 797 982 σφετέροις
819 895 918 981 τιμάν
940 863 1034 982 νομί
1125 919 1132 940 “·
1183 895 1184 900 ’

59 1007 150 1078 μοις
191 992 247 1060 καὶ
282 984 441 1061 ούθέν
419 1019 463 1060 αν
499 989 726 1062 ἔκωλνσεν“
704 1019 794 1064 απαν
829 996 1055 1116 ἔκβεβαρβα
1183 995 1184 1008 ’

58 1093 194 1180 ρῶσθαι
220 1089 257 1160 τό
277 1085 519 1217 Ελληνικόν“
499 1090 567 1162 νπὸ
591 1087 758 1185 Ῥωμαίων
789 1094 938 1185 ἑβδόμην
967 1092 1033 1186 ηδη

57 1191 291 1282 κρατούμενον
312 1187 372 1263 ὑπ’
401 1191 515 1265 αὐτων
538 1191 677 1286 γενεάν,
709 1207 803 1288 εἴπερ
833 1187 920 1285 ησαν
949 1195 1034 1289 βάρ-
1051 1219 1083 1268 10

58 1301 169 1385 βαροι.

10 1419 49 1467 83
137 1395 255 1465 LXXI.
285 1394 420 1488 Ἕτερος
448 1398 511 1487 μέν
540 1388 605 1468 ούν
633 1394 783 1526 άποχρην
812 1393 856 1469 άν
885 1397 1033 1488 ὑπέλαβε

58 1499 118 1567 καὶ
142 1495 228 1568 αὑτά
251 1497 292 1568 τὰ
313 1501 379 1568 νύν
403 1497 615 1588 πραττόμενα
639 1503 675 1570 ἐν
698 1504 740 1590 τῇ
762 1498 856 1570 πόλει
878 1499 1034 1591 μηνύμα-

57 1628 102 1669 τα
119 1599 161 1670 ού
178 1600 278 1692 μικρά
295 1602 365 1670 των
382 1604 535 1670 παλαιῶν
550 1598 823 1690 ἐπιτηδευμάτων
837 1599 1032 1688 ὑπολαβεῖν

58 1700 128 1790 ε’γώ
147 1700 200 1789 δ’,
224 1707 282 1772 ἵνα
299 1731 344 1791 μη
362 1730 412 1782 τις
429 1698 560 1790 άσθενῆ
583 1700 646 1792 τὴν
663 1709 776 1773 πίστιν
803 1699 889 1773 εἶναι
906 1701 1033 1794 ταύτην
1051 1723 1083 1773 15

57 1799 215 1894 ὑπολάβη
243 1802 333 1893 [είτε]
362 1801 432 1873 κατ’
461 1808 595 1892 ἐκείνην
626 1804 688 1893 τὴν
712 1801 884 1875 άπίθανον
907 1798 1031 1894 ὑπόλη-

58 1920 134 1995 νιν,
152 1902 204 1976 ότι
221 1901 346 1987 παντός
363 1907 423 1976 τού
431 1902 626 1995 Ἑλληνικοῦ
640 1905 862 1998 κρατήσαντες
881 1901 1032 1996 άσμένως

56 2002 105 2078 άν
121 2006 163 2077 τά
180 2015 317 2100 κρείττω
335 2009 525 2097 μετέμαθον
542 2015 607 2098 ἔθη
625 2014 703 2080 τῶν.
711 2015 899 2102 ἐπιχωρίων
916 2006 1032 2102 ὑπερι-

59 2106 196 2200 δόντες,
228 2113 261 2193 ἔξ
291 2112 422 2179 ἐκείνου
453 2108 631 2200 ποιήσομαι
654 2115 714 2182 τού
743 2110 868 2201 χρόνον
898 2108 961 2199 τὴν
980 2112 1031 2181 τέ-

56 2232 218 2301 κμαρσιν,
236 2207 284 2281 ὅτ’
304 2208 398 2281 οὑτω
415 2209 478 2299 τὴν
494 2216 551 2300 της
565 2210 720 2294 Ἑλλάδος
740 2212 830 2301 εἶχον
846 2207 1030 2301 ἡγεμονίαν
1048 2232 1082 2281 20

56 2308 142 2393 ούδέ
171 2309 275 2402 ἄλλην
311 2309 504 2383 διαπόντιον
538 2309 702 2402 οὐδεμίαν
737 2310 861 2402 ἀρχήν,
897 2320 1031 2403 Κοίντῳ

59 2420 182 2508 Φαβίῳ
209 2418 377 2504 βεβαιωτῇ
412 2412 580 2504 χριόμενος
611 2417 668 2483 καὶ
697 2409 903 2504 ούδεμιάς”
885 2441 933 2481 ετι
961 2382 1031 2483 δεό-

56 2544 162 2606 μενος
187 2518 376 2597 πίστεως
359 2520 488 2603 ετέρας
515 2514 733 2608 παλαιότατος
762 2515 826 2608 γάρ
849 2511 934 2603 άνηρ
964 2518 1042 2585 τῶν.

55 2616 101 2688 τά
120 2612 284 2707 Ῥωμαϊκά
311 2619 611 2787 σηνταξαμένων,
622 2621 678 2687 καὶ
700 2625 814 2688 πίστιν
835 2614 899 2689 οὑκ
925 2606 1010 2699 ἔξ
983 2645 1032 2687 ων

55 2741 186 2808 ηκονσε
208 2718 312 2808 μόνον
334 2716 419 2788 άλλά
443 2748 484 2789 κα
487 2708 611 2803 ὶέξ
582 2748 631 2790 ων
654 2717 753 2815 αὑτὸς
777 2722 866 2808 ἔγνω
888 2717 1032 2811 παρεχό-
1050 2739 1083 2788 25

55 2848 170 2911 μενος.

144 2920 277 3011 Ταύτην
302 2920 343 3011 δὴ
361 2919 423 3010 την
449 2923 567 3011 ἑορτὴν
592 2926 778 3013 ἐψηφίσατο
802 2924 864 3012 μὲν
883 2917 904 3011 ἡ
923 2919 1030 3008 βουλὴ

56 3018 321 3114 τωνῬωμαίων
344 3021 455 3113 ἄγειν,
480 3022 525 3105 63
547 3027 604 3094 καὶ
630 3024 792 3116 πρότερον
817 3030 920 3113 ἔφην,
945 3018 1030 3091 κατά

56 3126 119 3207 τάς
136 3129 319 3216 γενομένας
337 3122 436 3215 εὐχάς
456 3121 522 3196 ὑπὸ
539 3130 599 3196 τοῦ
620 3124 810 3218 δικτάτορος
832 3121 944 3195 Αὑλου
963 3136 1031 3195 Πο·
1067 3166 1069 3171 ,

11 3244 49 3294 λ84
58 3235 218 3317 στομίου,
242 3222 292 3297 ὅτ’
313 3233 450 3317 ἔμελλεν
465 3223 692 3315 άγωνίζεσθαι
709 3225 791 3318 πρὸς
809 3225 867 3309 τάς
884 3223 1029 3295 άποστά-
1047 3247 1082 3297 30

60 3352 123 3411 σας
148 3336 306 3408 Λατίνων
326 3328 439 3410 πόλεις
463 3328 621 3417 κατάγειν
645 3327 873 3418 ἐπιχειρούσας
902 3322 1030 3415 Ταρκύ-

60 3460 139 3503 νιον
168 3433 223 3502 ἐπὶ
251 3429 314 3521 την
342 3427 469 3522 άρχην·
503 3428 714 3503 ἀναλοῦσθαι
750 3424 786 3498 δ’
821 3430 914 3511 ἔταξε
948 3421 1029 3496 καθ’
