2384 3850
5 283 158 374 *606669
175 319 212 363 τε
231 291 309 382 666
328 293 444 376 στόλος
463 303 510 378 είς
526 293 713 388 Οὐελίτρας
729 295 894 419 εὐπρεπεῖ
903 294 1049 392 ἀνάγκη

5 411 47 459 44
57 397 291 484 καταληφθεὶς
307 393 498 519 ἀπεστάλη,
512 400 605 468 καὶ“
587 426 699 522 ετερος
716 388 818 482 αὖθις
835 398 877 470 06
895 411 1076 484 πολλαῖς

55 491 236 588 ἦμέραις“
212 517 355 623 υστερρν
374 505 421 581 είς
434 496 587 622 Νρόρβαν
604 497 756 590 πόλιν,”
733 529 754 589 η
774 503 842 570 ἐστι
859 529 919 573 του
904 506 1034 574 Λατί-

54 627 130 669 νων
148 604 271 683 ἔθνους
289 597 354 669 οὐκ
371 597 515 689 ἀφανής.

137 699 235 770 Xllll.
265 698 479 826 Ἐμένετοδέ
501 699 583 772 οὐδὲ
583 732 606 772 ν
628 705 758 774 τεὸνέκ
737 707 943 828 κλογισμοῦ
963 721 1034 788 τοῖς
1067 729 1084 778 σ
1164 676 1182 785 ί

55 809 258 894 πατρικίοις,
276 801 360 873 κατά
378 807 463 891 γοῦν
480 801 542 892 666
560 806 682 898 ἐλπίδα
704 832 765 876 του
751 803 955 896 λωφήσειν
970 805 1034 895 την
1180 850 1182 917 χ

54 902 195 992 στάσιν,
219 901 293 974 ἀλλ’
315 933 347 974 οι
340 906 640 994 περιλειφθέντες
663 913 713 976 ἐτι
730 913 864 997 χείρους
882 924 957 989 ταις
974 904 1034 998 όρ·
1181 926 1182 929 ’

53 1021 145 1134 χαλς
156 996 246 1094 ἦσαν
275 1008 333 1129 662
361 1010 467 1098 πολλῇ
498 1008 541 1096 τῇ
563 1010 742 1098 καταβοῇ
741 1013 812 1079 666
839 1012 1033 1098 βουλευτῶν

55 1108 204 1230 6666660
221 1105 306 1178 κατά
323 1135 359 1178 τε
376 1105 568 1200 συστροφάς
585 1110 644 1178 καὶ
662 1111 827 1201 ἑταιρίας,
845 1107 953 1199 ὀλίγοι
965 1139 1034 1239 μεν

55 1206 233 1290 συνιόντες
255 1207 293 1280 τό
317 1213 468 1300 πρῶτον,
499 1217 614 1280 ἔπειτα
637 1207 759 1299 άθρόοι
783 1214 1032 1310 συντονωτέρας
1051 1234 1084 1284 10

54 1307 123 1432 666
146 1311 390 1435 γενομένης
351 1339 409 1399 της
432 1307 535 1403 άπορί
534 1339 590 1399 ας,
621 1313 678 1382 καὶ
707 1311 960 1403 συνδραμόντες
983 1321 1032 1396 είς

54 1409 120 1498 666
136 1409 266 1534 ἀγοράν
288 1410 366 1494 τούς
385 1410 575 1505 δημάρχους
595 1410 712 1501 ἐβόων.
747 1422 976 1541 συναχθείσης
994 1416 1032 1485 δέ

53 1507 117 1636 666²
143 1510 257 1582 αὐτῶν
288 1515 480 1644 ἐκκλησίας,
510 1511 748 1604 παρελθάνῬ
712 1513 860 1605 ..πόριος
879 1521 1031 1600 Σκίνιος,

52 1609 93 1695 ὂς
110 1603 153 1702 ἦν
170 1617 231 1684 τοῦ
246 1609 384 1705 άρχείου
400 1613 474 1684 τότε
487 1608 643 1740 ἡγεμών,
652 1611 752 1696 αὐτός
769 1641 806 1684 τε
823 1612 928 1739 πολιός
941 1623 1031 1707 ἔρρει

51 1712 137 1786 6666
161 1719 219 1805 τῆς
240 1721 368 1839 βουλῆς
391 1713 552 1800 αὔξων*
530 1744 575 1796 ως
596 1713 741 1804 μάλιστα
767 1715 904 1804 ἐνῆν
872 1744 932 1790 τον
955 1712 1028 1790 κατ’
1050 1738 1082 1788 15

51 1812 160 1906 αὐτῆς
177 1815 326 1907 φθόνον,
351 1820 409 1888 καὶ
425 1814 503 1898 τούς
526 1814 648 1898 ἄλλους
666 1815 762 1907 ἠξίου
781 1815 931 1906 λέγειν
909 1848 929 1887 6
947 1847 1030 1909 φρο-

50 1921 174 1991 νοῦσιν
198 1926 246 2003 είς
263 1916 300 1990 τό
311 1917 451 2045 κοινόν,
483 1917 627 2009 μάλιστα
652 1919 691 1991 δέ
717 1916 777 1991 τὸν
794 1928 952 1992 Σικίνιον
973 1921 1031 1991 καὶ

6 2036 40 2087 45
51 2021 116 2093 τὸν
133 2019 320 2147 6906666'
301 2020 532 2113 αγορανόμους
550 2018 625 2092 τότε
642 2018 741 2104 ὄντας
758 2016 973 2101 66666666‘
955 2019 1031 2093 εκά-

49 2151 155 2214 τερον
179 2121 250 2207 ἐξ’
235 2121 414 2245 ονόματος,
442 2131 477 2195 οἳ
498 2125 636 2211 καὶτῆς
660 2122 793 2213 πραότης
816 2120 1031 2205 ἀποστάσεως

48 2254 100 2319 τςο
83 2222 215 2347 δήμια
234 2212 354 2315 ἦρξαν,
381 2224 490 2297 καὶ
455 2253 517 2313 την
537 2224 747 2314 δημαρχικὴν
765 2229 920 2307 ἐξουσίαν
939 2231 1030 2313 είση-
1048 2246 1082 2295 20

47 2324 238 2416 χησάμενοι
269 2330 393 2418 πρῶτοι
424 2324 528 2417 αὐτῆς
559 2334 686 2414 ἔτυχον
735 2322 963 2415 παρελθόντες
993 2326 1031 2395 δε

48 2418 149 2501 οὗτοι
178 2427 257 2509 τοὺς
286 2426 575 2518 κακοηθεστάτους
608 2430 677 2496 τῶν
707 2423 817 2514 λόγων
845 2428 882 2495 ἐκ
905 2431 1031 2495 πολλοῦ

48 2530 365 2620 παρεσκευασμένοι
389 2526 582 2620 διεξῄεσαν,
606 2524 628 2596 6
647 2544 715 2609 τοῖς
739 2536 874 2609 πολλοῖς
892 2523 1047 2598 ἀκούειν’

47 2624 94 2722 66
120 2634 357 2721 βουλομένοις,
390 2626 435 2713 69
465 2634 501 2701 ἐκ
526 2636 687 2719 προνοίας
709 2657 746 2700 τε
769 2631 827 2701 καὶ
850 2631 1031 2717 ἐπιβουλῆς

47 2729 120 2805 6666
138 2736 207 2803 τάν
224 2741 397 2804 πλουσίων
420 2734 549 2821 γένοιτο
570 2730 588 2821 6
607 2733 685 2821 περὶ
704 2729 764 2801 τὸν
782 2745 876 2801 σίτου
893 2728 1027 2821 άπορία,
1047 2749 1080 2797 65

49 2831 171 2921 ἐπειδη
189 2831 251 2922 666
269 2838 469 2926 ἐλευθερίαν
494 2831 648 2905 ἀκόντων
672 2835 811 2903 ἐκείνων
833 2826 851 2901 6
871 2834 974 2920 δῆμος
993 2834 1030 2900 ἐκ

47 2942 110 3025 τῆς
138 2931 354 3019 ἀποστάσεως
391 2934 516 3027 εὕρετο.
563 2942 748 3024 ἰσομοιρεῖν
776 2959 813 3003 τε
843 2928 924 3003 0666
947 2928 1030 3000 κατά

48 3035 177 3128 μικρὸν
200 3033 390 3127 άπέφαινον
422 3042 481 3126 669
506 3040 682 3127 συμφορᾶς
710 3050 780 3116 τοῖς
808 3033 928 3121 πένησι
952 3030 1030 3115 τοὺς

50 3137 233 3264 εὐπόρους
255 3140 445 3221 ἐκείνοις
411 3169 474 3229 μεν
491 3136 555 3229 γάρ
574 3138 662 3209 εἶναι
679 3139 735 3207 καλ
752 3132 879 3257 τροφάς
892 3132 961 3205 ἐν’
943 3163 1029 3222 αφα-

49 3257 105 3312 νει
133 3237 357 3332 ἀποκειμένας
388 3244 445 3312 καὶ
474 3239 643 3334 χρήματα,
676 3235 726 3321 οἷς
756 3234 944 3326 ὠνούμενοι
971 3231 1029 3315 τάς
1047 3256 1080 3303 ευ

49 3339 308 3427 ἐπεισάκτους’
288 3341 411 3436 αχοράς
430 3346 467 3414 ἐν
484 3344 592 3433 πολλῇ
608 3336 777 3432 ὑπεροψία
795 3329 881 3428 ἦσαν
898 3340 959 3407 τοῦ
972 3364 1028 3404 κα-

49 3450 130 3535 κοῦ,
150 3460 205 3518 τοί
204 3475 220 3528 ς
191 3447 277 3518 ἴδέ
296 3443 485 3537 δημόταις’
467 3441 639 3535 αμφότερα
652 3447 758 3511 ταῦτα
775 3436 909 3530 άπόρως
923 3445 1027 3525 ἐχειν·

820 3550 841 3611 2
849 3551 867 3587 *
