2384 3850
170 97 235 165 254
554 103 848 176 -0-,

172 278 227 346 ἐπί
243 273 285 345 τά
303 272 392 364 ίερά,
417 276 474 345 καί
496 273 670 366 προῄεσαν
692 274 771 347 τότε
797 273 1059 365 διερευνώμενοι
1083 276 1158 360 τάς

170 372 272 458 όίοῦς
285 373 362 450 οὔτε
378 371 445 449 ὑπὸ
462 385 621 468 σημαίαις
635 381 827 468 τεταγμένοι
838 376 922 448 κατά
932 375 1064 468 λόχους,
1084 385 1157 472 βρι-

170 477 289 570 θάμως
314 479 351 550 δὲ
376 481 432 550 καί
457 476 658 569 ἀφυλάκτως
682 474 727 562 ὥς
753 483 791 550 ἐν
815 478 931 571 εἰρήνη
955 507 991 550 τε
1008 483 1066 551 καί
1084 479 1156 550 διὰ

171 589 285 670 φιλίας
308 586 368 670 γῆς
392 579 621 672 πορευόμενοι.
657 586 692 653 οί
714 582 752 652 δὲ
774 584 944 673 Τυρρηνοί
965 597 1182 673 προεγνω-Ι

138 699 154 746 5
173 681 266 765 κότες
285 678 397 754 νότιόν
413 683 477 772 τὴν
495 689 627 773 ἔξοδον,
655 681 818 773 ἐλόχησαν
840 688 898 772 τῆς
914 678 998 754 όὸοὖ
1015 690 1153 773 χωρίον

170 788 263 875 μέρει
286 787 344 874 τῆς
368 788 538 874 στρατιάς,
565 781 628 875 τὴν
652 785 690 855 δὲ
713 784 835 874 λοιπὴν
857 783 1005 874 δύναμιν
1021 807 1152 856 συντε-

171 889 341 976 ταγμένην
358 893 488 976 ἔχοντες
506 884 546 958 οὔ
564 890 678 980 πολλῷ
689 883 831 977 ὕστερον
844 884 1069 976 ἠκολούθουν.
1094 885 1151 972 ως

173 984 205 1057 δ’
226 992 433 1078 ἐπλησίασαν
450 993 486 1060 οί
502 986 619 1077 Φάβιοι
637 990 883 1079 ταίςίνέδραις,
901 986 1150 1072 ἐξαναστάντες

169 1096 229 1158 τοῦ
247 1087 348 1178 λόχου
365 1095 401 1160 οί
416 1093 583 1180 Τυρρηνοὶ
597 1097 867 1177 προσπίπτωσιν
883 1086 1008 1182 αὐτοῖς,
1026 1093 1063 1161 οί
1077 1091 1150 1180 μὲν

122 1207 153 1257 10
172 1186 255 1260 κατά
278 1191 449 1280 μέτωπον,
474 1195 509 1261 οί
530 1187 562 1261 δ’
584 1195 621 1261 ἐκ
643 1197 712 1262 τῶν
734 1201 903 1282 πλαγίων,
930 1193 988 1262 καὶ
1004 1189 1075 1281 μετ’
1096 1189 1147 1262 οὐ

171 1289 257 1362 πολῦ
280 1287 300 1380 ἡ
324 1297 392 1362 τῶν
414 1289 527 1364 ἄλλων
555 1296 740 1386 Τυρρηνῶν
764 1291 905 1384 δόναμις
930 1297 1148 1383 προσέβαλεν

58 1417 60 1422 ·
172 1395 208 1463 ἐκ
226 1396 293 1464 τοῖν
310 1392 464 1467 κατόπιν·
484 1394 541 1464 καί
558 1393 773 1486 περιστάντες
784 1393 899 1478 αὐτοῖς
910 1394 1144 1485 πανταχόθεν,

171 1496 279 1585 οίμὲν
293 1493 508 1587 σφενδόναις,
528 1525 560 1567 οι
554 1495 736 1587 ’δὲτόξοις
754 1502 790 1569 οί
805 1498 843 1568 δὲ
860 1504 1011 1578 σαυνίοις
1027 1524 1065 1567 τε
1080 1501 1146 1568 καὶ

171 1595 304 1687 λόγχαις
322 1598 564 1689 στοχαζόμενοι,
581 1628 630 1693 ,τω
618 1596 771 1723 πληθει
784 1604 853 1669 των
865 1597 1010 1687 βελοίν“
988 1625 1143 1682 απαντας

11 1745 13 1750 .
122 1715 152 1764 15
171 1698 437 1788 κατειργάσαντο.
474 1690 571 1783 οὗτος
588 1692 708 1789 μὲν
668 1729 732 1825 ουρ
748 1690 847 1790 ἦττον
864 1707 977 1827 ἔμονγε
994 1699 1143 1783 πιθανός

171 1808 326 1890 φαίνεται
345 1801 432 1874 εἶναι
450 1801 554 1892 λόγος.
591 1800 751 1892 οὔτεγὰρ
769 1800 891 1886 είκὸς’
873 1802 939 1874 απὸ
957 1804 1142 1893 στρατοπί-

173 1907 235 1973 δον
252 1907 414 1987 θυσίας’
395 1934 493 1976 ενεκα
511 1901 589 1988 τούς
606 1899 673 1976 όπὸ
690 1922 762 1987 ταις
779 1912 937 1995 σημαίαις
959 1903 1140 1987 τοσούτους

77 2034 81 2039 ·
171 2000 299 2092 ἄνδρας
318 2012 365 2087 είς
382 2004 444 2094 τὴν
462 2003 561 2076 πόλιν
583 2004 808 2097 ἀναστρέφειν
824 2005 908 2080 άνευ
925 2015 1140 2097 ψηφίσματος

171 2109 312 2193 βουλῆς,
337 2110 537 2197 δυναμένων
559 2111 628 2178 τῶν
652 2114 851 2199 ἱερουργιῶν
873 2113 930 2181 καί
948 2106 993 2179 δι’
1015 2098 1140 2200 ἑτέρων

120 2222 153 2271 κο
173 2209 429 2297 ἐπιτελεσθῆναι
446 2212 514 2279 τῶν
525 2208 732 2299 μετεχόντων
743 2211 805 2299 μὲν
817 2214 879 2281 τοῦ
887 2207 996 2281 αάτοῦ
1005 2213 1137 2300 γένους,

172 2308 432 2399 προβεβηκότων
450 2310 489 2381 δὲ
506 2328 578 2393 ταῖς
596 2307 753 2401 ἡλικίαις·
772 2309 844 2383 οὔτ’
867 2320 899 2383 εί
913 2309 1036 2395 πάντες
1053 2308 1138 2383 άπε-

171 2410 365 2500 ληλάθεσαν
389 2414 426 2481 ἐκ
451 2441 509 2501 της
532 2410 677 2502 πόλεως,
706 2415 763 2483 καὶ
785 2420 931 2537 μηδεμία
954 2430 1054 2505 μοῖρα
1075 2443 1137 2485 του
1149 2432 1184 2483 11

172 2519 266 2600 Φαβί
264 2541 313 2583 ων
330 2517 449 2602 γένους
467 2518 505 2585 ἐν
520 2532 591 2596 τοῖς
605 2520 769 2604 ἐφεστίοις
780 2510 990 2606 ὑπελείπετο,
1008 2513 1136 2598 πάντας

172 2604 298 2695 εἰκὸς
276 2642 319 2701 ην
336 2643 414 2697 τους
431 2615 672 2705 κατέχοντας
639 2644 676 2687 το
687 2614 852 2708 φρούριον
866 2613 1072 2689 ἐκλιπεῖν’
1031 2621 1137 2704 αυτοῦ

118 2728 152 2779 κο
169 2714 232 2803 τὴν
250 2714 419 2839 φυλακήν
455 2714 583 2806 ἤρκουν
605 2717 670 2809 γὰρ
692 2714 736 2788 ἂν
760 2719 816 2789 καί
839 2736 928 2809 τρεῖς
944 2748 966 2807 η
950 2716 1134 2811 τέτταρες

169 2811 366 2905 ἀφικόμενοι
384 2821 580 2889 συντελέσαι
590 2814 677 2910 υπὲρ
688 2850 748 2892 του
736 2823 878 2908 γένους
895 2817 976 2893 ὅλου
992 2849 1034 2890 τα
1020 2818 1131 2913 ίερά.

170 2915 226 2988 διά
243 2916 306 3009 μὲν
324 2915 366 3008 δὴ
384 2917 505 3004 ταύτας
528 2920 587 3004 τὰς
610 2929 717 3004 αίτίας
740 2919 802 2994 οάκ
824 2925 919 3005 ἔδοξέ
940 2950 996 3011 μοι
1020 2921 1133 3004 πιστός

170 3018 256 3089 εἶναι
277 3016 358 3111 [ὅδε]
378 3021 396 3092 ὁ
415 3020 521 3111 λόγος.

244 3121 318 3193 ΧΧ.
350 3121 386 3195 ‘0
405 3125 442 3194 δὲ
460 3128 586 3215 ἔτερος,
604 3122 646 3195 ὃν
663 3121 889 3216 ἀληθέστερον
908 3124 995 3197 εἶναι
1012 3134 1132 3216 νομίζω

118 3248 151 3297 30
169 3231 249 3313 περί
263 3252 299 3295 τε
322 3230 379 3315 τῆς
397 3224 563 3308 άκωλείας
584 3228 654 3298 των
670 3221 887 3319 ἀνδρῶνκαὶ
904 3230 961 3317 τῆς
978 3222 1131 3310 άλάσεως

168 3328 228 3395 τοῦ
250 3332 434 3417 φρουρίου,
460 3326 593 3398 τοιόσᾶί
614 3354 664 3410 τις
688 3331 786 3400 ἐστίν.
824 3326 982 3414 ἐξιόντων
1005 3331 1060 3400 ἐπὶ
1074 3327 1131 3411 τάς

169 3425 338 3519 προνομάς
356 3432 425 3499 τῶν
436 3424 572 3519 ἀνδρῶν
584 3428 741 3513 πολλάκις
755 3430 812 3500 καί
825 3431 882 3502 διὰ
891 3427 930 3501 τό
942 3436 1130 3524 κατορθοῦν
