2384 3850
511 88 715 149 ..Η-

126 266 306 356 Ρωμαίους
341 260 484 335 ἐστίν’
466 292 487 350 η
523 262 758 351 προηγουμένη
799 264 867 329 τῶν
896 255 1106 329 Κοιντιλίων
1152 310 1155 321 .

131 371 254 439 νωνῶν
270 365 386 455 ἡμέρα.
431 392 449 433 ο
439 360 508 433 δὲ
518 361 736 487 καθιερώσας
759 356 862 431 αὐτόν
884 387 939 449 ην
943 349 1185 459 λζρόκλῖς

136 465 334 556 Οὐεργίνιος
350 464 467 555 ἅτερος
484 468 552 589 τῶγ
567 462 716 534 ὑπάτων.
853 484 869 537 ,’

210 568 296 637 LVI.
322 560 481 656 Είηδ’”
459 595 503 638 αν
520 564 685 656 ἁρμόττον
709 570 854 652 ἱστορίας
878 560 1019 653 σχήματι
1044 567 1105 633 καὶ

99 697 116 745 5
135 668 398 760 ἐπανορθώσεως
416 671 516 738 ἕνεκα
532 672 600 738 τῶν
617 669 781 755 οἰομένων
798 660 874 755 μήτ’
896 666 950 734 έπὶ
963 680 1037 745 ταῖς
1056 694 1105 735 τι·
1181 716 1186 733 .

133 791 211 864 μαΐς
232 788 304 853 ταῖς
328 765 409 860 παρ’
428 766 624 859 ἀνθρώπων
647 774 777 858 χαίρειν
799 763 876 847 τούς
899 764 1002 850 θεοὺς
1022 763 1104 854 μήτ’

135 878 189 945 ἐπὶ
206 890 278 954 ταις
301 870 449 951 ἀνοσίοις
475 872 531 940 καί
555 867 685 950 ἀδίκοις
709 865 904 957 πραξεσιν’
887 883 1107 955 αγανακτεῖν,
1180 950 1187 979 1

133 974 171 1045 τό
190 980 339 1062 δηλῶσαι
355 970 417 1060 τὴν
434 968 631 1062 γενομένην
638 968 893 1060 ἐπιφάνειαν
854 997 913 1100 της
930 971 1018 1039 θεοῦ
1034 966 1110 1038 κατ’

78 1071 316 1147 ἐκεῖνον
283 1103 342 1144 τον
359 1070 481 1163 χρόνον
498 1068 559 1162 οὐχ
583 1070 687 1162 ἅπαξ,
711 1069 796 1139 ἀλλά
816 1053 895 1159 [και]
918 1076 985 1159 δίς,
1006 1068 1052 1151 ῶς
1073 1076 1113 1139 αἱ

85 1203 119 1251 10
135 1182 204 1247 τῶν
233 1179 443 1265 ἱεροφαντῶν
468 1176 657 1263 περιέχουσι
687 1180 831 1294 γραφαί,
863 1178 920 1293 ἵυμ
948 1188 1032 1252 τοῖς
1044 1200 1111 1261 μεν
1183 1221 1186 1239 ,

137 1274 387 1366 εὐλαβεστέροις
410 1272 544 1366 περὶ
511 1303 547 1345 το
572 1270 779 1374 συνέχειν“
758 1303 797 1355 ας
820 1269 911 1362 παρὰ
934 1277 1002 1343 τῶν
1021 1299 1111 1364 προ
1122 1293 1181 1343 1640

136 1378 248 1467 γόνων
267 1376 364 1461 δόξας
380 1375 466 1467 ὑπέρ
484 1380 545 1446 τοῦ
569 1369 746 1465 δαιμονίου
771 1370 1001 1465 παρέλαβον’
982 1402 1112 1463 αμετα-

137 1483 275 1571 μέλητος
298 1474 319 1568 ἡ
343 1476 479 1566 τοιαύτη
505 1485 705 1607 προαίρεσις
726 1478 782 1545 καὶ
806 1483 929 1565 βεβαία
947 1478 1110 1606 διαμένῃ·
1182 1502 1188 1555 1

136 1598 206 1663 τοῖς
230 1582 267 1652 δὲ
291 1577 480 1700 ὑπερορῶσι
511 1583 580 1650 τῶν
602 1586 753 1669 πατρίων
781 1580 932 1666 ἐθισμῶν
962 1579 1019 1647 καὶ
1043 1607 1110 1667 μη-

85 1709 121 1758 15
137 1681 239 1764 θενὸς
266 1686 400 1753 ποιοῦσι
429 1678 466 1751 τό
496 1678 672 1770 δαιμόνιον
698 1684 765 1749 τῶν
788 1677 1046 1801 ἀνθρωπίνων
1046 1688 1112 1749 λο-

137 1786 269 1874 γισμῶν
305 1781 440 1870 κόριον,
475 1780 617 1904 μάλιστα
653 1811 715 1871 μεν
748 1771 940 1853 ἀναθέσθαι
979 1777 1112 1869 ταύτην

137 1914 200 1974 την
219 1884 335 1973 δόξαν,
367 1889 398 1954 εί
417 1879 488 1953 δΗ
468 1881 611 1966 αυιάτως
630 1890 763 1973 ἔχουσιν
782 1888 829 1952 ἔτι
847 1885 974 1972 μᾶλλον
992 1877 1112 1963 αὐτοῖς

138 1985 351 2075 ἀπέχθεσθαι
375 1985 431 2054 καὶ
454 1987 805 2074 κακοδαιμονεστέροις
824 1982 919 2055 εἶναι.
963 1990 1111 2073 ἱστορεῖ-

138 2116 193 2158 ται
210 2093 327 2156 τοίνυν
350 2081 400 2155 ὅτι
423 2089 481 2173 τῆς
506 2089 631 2174 βουλης
649 2089 882 2176 ψηφισαμένης
907 2089 944 2155 ἐκ
968 2091 1028 2156 τοῦ
1048 2091 1113 2174 δη-

87 2216 122 2265 20
139 2194 260 2278 μοσίθυ
290 2184 402 2268 πάσας
423 2190 708 2278 ἐπιχορηγηθῆναι
731 2185 789 2269 τάς
814 2194 860 2268 είς
883 2183 942 2256 τόν
959 2183 1050 2258 νεών
1072 2215 1114 2256 τε

139 2293 195 2361 καὶ
212 2318 248 2360 το
236 2287 383 2374 ξόανον
397 2286 597 2376 δαπάνας,“
578 2318 693 2377 ετερον
707 2290 746 2359 δε
758 2286 890 2377 ἀγαλμα
903 2309 1113 2358 κατασκευα-

139 2395 295 2482 σαμένων
322 2394 391 2461 τῶν
414 2395 586 2479 γυναικῶν
612 2386 670 2481 ἀφ’
699 2381 747 2460 ῶν
771 2388 868 2460 αὐταὶ
892 2386 1115 2518 συγήνεγκαν

139 2491 335 2583 χρημάτων,
365 2490 600 2562 ἀνατεθέντων
622 2519 659 2561 τε
682 2489 795 2563 αὐτῶν
817 2489 1016 2581 ἀμφοτέρων
1041 2489 1114 2580 ἅμα

140 2599 239 2664 έν
200 2623 241 2684 τη
263 2593 379 2683 πρώτη
402 2622 461 2717 της
486 2591 697 2684 ἀνιερώσεως
719 2588 842 2685 ημέρᾳ,
873 2590 1022 2683 θάτερον
1041 2596 1114 2663 τῶν

87 2718 122 2767 25
140 2690 444 2783 ἀφιδρυμάτωυ,“
425 2723 442 2763 ο
461 2692 710 2765 κατεσκεύασαν
728 2700 766 2764 ac
780 2711 956 2783 γυναῖκες,
982 2695 1115 2783 ἐφθέγ-

141 2799 218 2878 ξατο
241 2796 376 2865 πολλῶν
399 2799 582 2884 παρουσῶν
603 2793 732 2886 γλώττη
751 2802 880 2887 Λατίνη
903 2793 1024 2884 φωνὴν
1051 2794 1116 2866 εὐ»

140 2893 283 2967 σόνετόν
299 2923 336 2966 τε
353 2898 410 2965 καὶ
428 2894 593 2984 γεγωνόν·
613 2888 652 2985 ἧς
670 2901 739 2968 ἐστι
757 2901 872 2986 φωνῆς
891 2895 1114 2988 ἐξερμηνευό-

140 3025 239 3086 μενος
269 2992 287 3067 ό
317 3001 398 3081 νοῦς
427 3005 475 3080 είς
503 2994 566 3087 τὴν
585 2993 725 3069 Ἑλλάδα
757 2997 930 3069 διάλεκτον
959 2995 1112 3070 τοιόσδε·

137 3095 236 3192 Ὀσίφ
255 3097 385 3180 πόλεως
408 3097 500 3193 νόμῳ
524 3103 683 3188 γυναῖκες
704 3103 842 3189 γαμεταὶ
869 3096 1040 3170 δεδώκατέ
1056 3131 1110 3190 με.
1125 3121 1171 3170 164

88 3223 124 3272 30
141 3195 195 3269 οἶα
221 3200 259 3269 δὲ
282 3209 377 3288 φιλεῖ
396 3209 555 3288 γίνεσθαι
577 3203 654 3290 περὶ
678 3199 736 3282 τάς
760 3200 970 3288 παραδόξους
992 3200 1115 3290 φωνάς

140 3330 177 3372 τε
190 3302 245 3369 καὶ
259 3297 363 3391 όψεις,
374 3298 480 3389 πολλὴ
493 3316 565 3381 ταῖς
574 3299 759 3392 παρούσαις
773 3305 948 3374 ἐνέπιπτεν
961 3300 1115 3395 ἀπιστία,

139 3398 187 3491 μή
204 3427 284 3474 ποτε
300 3400 341 3472 06
358 3399 396 3472 τό
414 3399 534 3484 ξόανον
556 3413 614 3489 είη
632 3400 669 3471 τό
688 3402 939 3494 φθεγξάμενον,
970 3401 1117 3496 ἀνθρω-
