2384 3850
449 32 492 131 -Ῐ
535 87 573 146 H
612 122 654 129 -
978 84 1040 149 τοι

74 253 149 329 οὔτε
165 254 254 349 παρά
270 255 328 338 τάς
345 255 521 348 ὁμολογίας
539 262 595 329 καί
613 257 690 340 τούς
707 255 847 349 ὅρκους,
873 255 934 343 ούς
951 266 1039 329 ἔδω-

74 389 131 441 κας
160 357 273 441 αὐτοῖς
301 355 356 431 ὅτε
384 360 443 441 τάς
468 359 628 450 δυνάμεις
651 359 923 451 παρελάμβανες,
953 357 1039 432 ἀνευ

74 465 184 549 κοινῆς
201 458 335 550 γνύμης
359 467 430 553 ἰδία
448 462 702 533 καταλύσασθαι
724 458 787 551 τῆν
810 468 938 552 ἔχθραν
955 460 1040 550 βού-

73 573 182 650 λομαι
200 560 283 651 μηδ’Ι
300 560 474 652 ὑπολάβῃς
491 563 553 652 τῆν
570 565 715 633 σεαυτοῦ
731 565 857 653 μητέρα
873 563 1038 652 τοσαύτης

22 684 63 732 ιιι
72 659 327 751 ἀναπεπλῆσθαι
344 672 584 753 θεοβλαβείας,
609 663 702 735 ὥστε
717 663 775 734 τὸν
792 660 965 753 ἀγαπητὸν
981 666 1039 734 καὶ
1072 681 1091 730 ο

71 762 173 853 μόνον
189 763 268 838 υίόν
287 773 334 846 είς
351 765 489 856 αἰσχράς
514 770 570 837 καὶ
593 764 751 847 ἀνοσίους
775 764 910 854 πράξεις
928 791 1040 850 παρα-

72 876 192 937 καλεῖν.
217 862 302 936 ἀλλά
318 866 401 956 μετά
418 871 532 956 κοινῆς
549 866 684 957 γνώμης
701 864 891 955 ἀποστῆναί
904 886 943 935 σε
957 865 1039 950 ἀξιῶ

71 972 127 1037 τοῦ
144 970 310 1058 πολέμου,
335 976 497 1039 πείσαντα
513 968 592 1051 τούς
612 965 848 1048 Οὐολούσκους
864 966 1040 1058 μετριάσαι

72 1070 142 1158 περὶ
181 1068 240 1151 τάς
271 1068 452 1159 διαλλαγάς
488 1073 543 1140 καλ
572 1069 778 1158 ποιήσασθαι
809 1069 871 1157 τῆν
901 1066 1040 1159 είρῆνην

71 1167 267 1261 ἀμφοτέροις
283 1187 353 1251 τοῖς
371 1178 488 1243 ἔθνεσι
505 1170 611 1261 καλῆν
634 1174 690 1241 καὶ
708 1176 911 1263 πρέπουσαν.
939 1174 1038 1241 τοῦτο
1058 1187 1090 1235 10

72 1274 106 1341 δὲ
123 1271 246 1361 γένοιτ’
267 1270 328 1360 ἀν,
354 1280 386 1343 εί
408 1278 474 1344 νῦν
496 1274 559 1362 μὲν
577 1270 767 1362 ἀναστήσας
790 1272 853 1361 τὴν
878 1272 1040 1363 στρατιάν

44 1412 48 1419 ’
72 1371 252 1463 ἀπαγάγοις
282 1378 473 1457 ἐνιαυσίους
502 1374 725 1464 ποιησάμενος
756 1370 895 1464 ἀνοχάς,
933 1376 970 1444 ἐν
1003 1374 1041 1443 δὲ

73 1479 115 1567 τῷ
130 1473 256 1565 μεταξύ
274 1473 384 1568 χρόνῳ
403 1479 559 1566 πρέσβεις
577 1473 792 1546 ἀποστέλλων
816 1477 926 1544 τεκαὶ
946 1472 1040 1562 δεχύ-
1086 1535 1088 1540 .

73 1604 168 1664 μενος
185 1575 299 1666 ἀληθῆ
315 1585 433 1666 φιλίαν
450 1575 606 1667 πράττοις
624 1578 680 1646 καὶ
695 1573 875 1663 διαλλαγάς
888 1581 1036 1662 βεβαίας.

73 1682 125 1748 καλ
148 1668 189 1749 εύ
214 1688 303 1749 ἴσθι·
339 1673 492 1768 Ῥωμαῖοι
520 1680 582 1769 μὲν
618 1675 680 1777 ὅσα
702 1673 785 1767 μήτε
807 1674 845 1747 τὸ
869 1673 1039 1746 ἀδύνατον
1058 1700 1091 1749 15

73 1777 150 1867 μῆτε
180 1778 265 1870 ἀλλη
299 1808 349 1863 τις
385 1778 502 1863 ἀδοξία
540 1781 716 1871 προσούσα
745 1776 888 1849 κωλύσει
930 1773 1040 1847 πάντα

73 1878 275 1972 ύπομενούσι
297 1879 455 1970 πράττειν
484 1880 572 1974 λόγῳ
599 1884 655 1951 καὶ
686 1878 892 1973 παρακλήσει
922 1875 1043 1950 πειθό-

73 2012 181 2072 μενοι,
199 1981 458 2073 άναγκαζόμενοι
479 1984 516 2053 δὲ
535 1982 648 2074 ὥσπερ
666 1983 708 2054 σύ
728 1987 794 2055 νύν
811 1981 915 2066 ἀξιοῖς
934 1979 1043 2052 οὐθὲν

74 2080 113 2154 ἀν
129 2084 264 2156 πύποτε
281 2091 474 2174 χαρίσαιντο
487 2081 569 2174 ύμῖν
582 2083 660 2156 οὔτε
673 2094 785 2174 μεῖζον
798 2081 871 2155 οὔτ’
892 2091 1041 2169 ἔλαττον,

75 2184 115 2266 ὡς
133 2191 167 2270 ἐξ
185 2184 299 2257 ἀλλων
315 2214 351 2257 τε
368 2192 503 2256 πολλῶν
519 2185 663 2277 πάρεστί
678 2209 732 2255 σοι
745 2197 966 2275 καταμαθεῖν,
985 2186 1041 2254 καλ
1059 2207 1094 2254 20

74 2287 110 2356 τὰ
126 2298 303 2359 τελευταῖα
318 2292 350 2371 ἐξ
365 2279 413 2359 ὧν
422 2294 579 2370 Λατίνοις
597 2286 838 2376 συνεχώρησαν
855 2285 1042 2355 ἀποστάσιν

75 2384 136 2460 ἀπὸ
159 2394 230 2460 τῶν
254 2387 377 2460 ὅπλων·
424 2386 632 2461 θύολούσκοι
660 2389 697 2456 δὲ
720 2384 807 2456 πολύ
830 2383 866 2455 τό
890 2383 1043 2466 αύθαδες

20 2505 68 2555 ιιιε
77 2496 225 2579 ἔχουσιν,
248 2487 268 2561 ὃ
286 2498 464 2581 συμβαίνει
481 2508 550 2571 τοῖς
567 2487 695 2580 μεγάλα
714 2483 948 2578 εύτυχῆσασιν.
983 2484 1044 2555 ε’άν

77 2593 111 2661 δὲ
135 2591 299 2682 διδάσκῃς
324 2589 463 2680 αύτούς,
490 2587 541 2662 ὅτι
565 2596 657 2661 πᾶσα
684 2590 746 2680 μὲν
777 2588 892 2678 είρῆνη
919 2587 1044 2668 παντός

77 2696 141 2763 ἐστι
159 2697 307 2784 πολέμου
325 2703 496 2783 κρείττων,
516 2691 683 2783 σύμβασις
702 2692 744 2762 δὲ’
757 2699 869 2780 φίλων
888 2689 970 2761 κατά
984 2689 1044 2760 τὸν
1057 2703 1095 2760 '25

78 2793 230 2867 ἑκούσιον
246 2798 405 2886 γινομένη
426 2793 551 2886 τρόπον
574 2798 642 2865 των
660 2789 723 2864 ἀπ’
745 2792 893 2882 ἀνάγκης
912 2816 1046 2881 συγχω-

78 2900 252 2985 ρηθέντων
268 2899 482 2988 βεβαιοτέρα,
510 2895 640 2966 καλάνι
664 2894 851 2987 σωφρόνων
875 2897 966 2964 ἐστὶν
984 2889 1042 2963 ἀν-

78 2997 242 3088 θρώπων,
268 2995 349 3070 ὅταν
367 3000 429 3094 μὲν
448 2989 486 3068 εὖ
504 2996 664 3088 πράττειν
683 3001 805 3067 δοκοῖσι
823 2992 1046 3084 ταμιεύεσθαι

78 3097 132 3180 τάς
148 3099 270 3191 τύχας,
293 3099 375 3172 ὅταν
394 3098 425 3170 δ’
448 3107 496 3182 είς
513 3098 673 3180 ταπεινάς
692 3101 749 3169 καὶ
767 3096 900 3188 φαύλας
919 3103 1047 3166 ἔλθωσι

80 3203 185 3287 μηθὲν
201 3197 385 3292 ἀπομένειν
402 3197 555 3290 ἀγεννές·
583 3203 637 3270 καλ
661 3189 782 3287 τάλλα,
807 3195 871 3270 ὅσα
892 3205 945 3280 ἐίς
962 3196 1046 3287 ῆμε-
1063 3219 1097 3268 30

81 3299 197 3391 οότητα
221 3306 277 3375 καὶ
297 3306 478 3375 ἐπιείκειαν
496 3301 653 3391 ἐπαγωγά
677 3299 889 3391 παιδεύματα
909 3296 1046 3388 εὕρηται
1145 3309 1149 3314 “

82 3400 198 3495 λόγων,
216 3402 277 3490 ούς
294 3403 390 3498 ὑμεῖς
407 3412 443 3476 οί
457 3403 497 3476 τά
515 3401 668 3476 πολιτικά
685 3401 886 3494 πράττοντες
904 3399 1046 3491 μάλιστα

129 3551 206 3591 mou.
220 3555 267 3589 111.
855 3513 893 3575 1]-
