2384 3850
470 99 670 159 -6-

17 277 21 286 ’
77 275 141 354 ἕως
173 269 280 361 ἡμέρα
310 298 345 343 τε
377 271 507 360 ἐγένετο
537 271 593 342 καὶ
616 265 689 361 άρα
712 269 931 363 πληθυούσης
959 271 1061 362 μάλι-

76 395 142 446 στα
165 368 307 464 άγοράς,
331 370 517 462 κάμνοντας
540 369 608 461 ἤδη
635 371 712 454 τούς
735 381 915 463 πολεμίους
940 373 1058 447 αίσθό·

74 503 180 566 μενος
213 472 281 546 ὑπό
315 503 352 546 τε
382 468 570 563 ἀγρυπνίας
606 473 662 544 καί
692 469 964 565 ἀκροβολισμῶν,
1000 477 1058 548 καὶ
1136 473 1145 490 ”

75 573 119 649 ού
146 572 231 648 κατά
262 574 381 668 λόχους
403 571 485 646 ούδέ
510 579 548 646 ἐν
570 573 661 659 τάξει
689 575 936 666 προσάγοντας,
972 573 1057 648 ἄλλά

76 682 229 768 πολλαχῇ
247 680 449 768 κεχυμένους
467 679 523 748 καί
541 673 732 769 σποράδας,
757 673 894 762 άνοίξας
916 678 974 761 τάς
991 677 1090 750 πύσ

78 789 139 862 λας
162 786 222 852 τοῦ
244 777 388 872 χάρακος
411 779 591 870 ἐξέδραμεν
614 773 682 868 ἅμα
703 794 773 860 τοῖς
791 781 972 862 ἐπιλέκτοις
989 785 1059 852 τῶν

79 882 227 952 ἱππίων·
255 883 312 952 καί
329 885 364 952 οί
378 883 469 964 πεζοί
485 877 725 962 πυκνώσαντες
741 881 820 963 τούς
838 879 959 971 λόχους
978 879 1057 970 ἠκο-

78 980 241 1054 λούθουν.
295 986 331 1055 οί
352 983 389 1054 δὲ
415 979 624 1056 Οὐολοῦσκοι
646 984 912 1072 καταπλαγέντες
942 981 1057 1054 αὐτῶν

77 1084 115 1154 τό
133 1081 280 1174 θράσος,
304 1085 361 1156 καὶ
383 1082 420 1154 τὸ
438 1083 580 1174 μανικόν
604 1087 663 1172 τῆς
682 1081 809 1174 ἐφόδου
827 1082 993 1178 βραχύν’
975 1114 1056 1156 ανα-

78 1184 237 1276 σχόμενοι
260 1183 405 1309 χρόνον,
428 1180 674 1280 άνακρούονται
698 1185 759 1276 [τε]
783 1188 840 1257 καί
864 1184 993 1278 [ἅμαΓ
973 1212 1055 1259 υπο·
1076 1203 1109 1253 10

77 1289 246 1407 χωροῦσιν
263 1282 329 1358 άπὸ
346 1291 405 1358 τοῦ
423 1285 564 1414 χάρακος
583 1295 643 1357 καί
647 1341 656 1376 ,
674 1277 719 1378 ἦν
736 1286 800 1377 γάρ
816 1317 866 1370 τις
883 1284 925 1358 ού
938 1285 1056 1381 πρόσω

76 1417 138 1460 του
126 1390 383 1478 στρατοπέδου
408 1387 509 1478 λόφος
527 1387 656 1478 ὑψηλός
675 1391 844 1479 ἐπιεικῶς,
869 1396 917 1471 είς
934 1394 1055 1461 τοῦτον

9 1501 68 1556 1906
80 1479 168 1582 [ουν]
193 1485 483 1582 άνατρίχουσιν’
459 1519 503 1572 υς
528 1487 806 1580 ἀναπαυσόμενοί
825 1517 862 1560 τε
879 1479 982 1571 αύδις
998 1493 1056 1562 καί

79 1599 128 1674 είς
151 1591 245 1676 τάξιν
268 1590 558 1682 καταστησόμενοι.
605 1586 679 1662 ἄλλ’
705 1587 747 1662 ού
770 1588 834 1683 γάρ
852 1589 967 1674 αὐτοῖς
985 1595 1056 1675 ἐξε-

75 1695 195 1783 γένετο
219 1697 427 1819 καταστῆγαί
447 1721 483 1764 τε
505 1692 603 1764 καὶ’
586 1691 725 1773 εαυτούς
750 1687 955 1783 άναλαβείν,
973 1689 1052 1763 ἀλλ’
1075 1708 1108 1758 15

78 1799 117 1866 ἐκ
134 1792 238 1876 ποδός
254 1792 493 1917 ἠκολούθησαν
510 1791 626 1876 αὐτοῖς
643 1823 662 1865 ο
664 1796 844 1884 πολέμιοι
853 1792 1054 1884 πιλησαντες

78 1926 124 1980 ως
147 1893 291 1986 μάλιστα
313 1885 357 1987 ἦν
390 1893 538 1968 δυνατόν
567 1896 647 1979 τούς
678 1892 859 1986 λόχονς,“
842 1926 899 1967 ινα
926 1926 979 1986 μη
995 1924 1055 1975 κα·

76 2005 295 2091 ταρραχθιῖσι
318 1998 400 2090 πρὸς
423 1994 563 2081 άναντες
595 2004 720 2124 χοιρίον
746 1996 944 2089 βιαζόμενοι.
998 2002 1055 2070 καί

77 2106 209 2189 γίνεται
239 2096 390 2191 μέγας’
370 2099 463 2189 αγδιν
493 2103 549 2173 ἐπί
579 2099 666 2173 πολύ
695 2101 795 2191 μέρος
824 2104 883 2190 τῆς
916 2099 1052 2192 ἡμέρας,

76 2209 198 2293 νεκροί
210 2229 248 2273 τε
267 2208 427 2273 πίπτουσι
443 2204 561 2273 πολλοὶ
587 2197 648 2290 ἀφ’
671 2203 846 2292 ἑκατέρων.
891 2204 948 2272 καὶ
967 2198 1053 2273 Ούο·
1070 2216 1107 2267 ευ

7 2384 8 2389 1
78 2308 217 2375 λοῦσκοι
239 2300 364 2394 πλήθει
386 2330 423 2373 τε
444 2300 664 2394 ὑπερέχοντες
687 2303 745 2371 καί
761 2303 798 2373 τδ
815 2304 854 2371 ἐκ
870 2305 932 2372 τού
948 2300 1054 2373 τόπου

76 2404 338 2496 προσειληφότες
372 2401 537 2496 ἀσφαλές,
573 2399 755 2493 οὐδετέρου
787 2400 917 2473 τούτων
950 2400 1055 2474 οὐδὲν

77 2504 213 2596 άγαθὸν
229 2503 446 2598 άπηλαυσαν,
477 2501 554 2577 ἄλλ’
573 2502 642 2577 ύπὸ
665 2508 722 2595 τῆς
736 2501 905 2595 Ῥωμαίων
922 2516 1052 2595 προθυ

76 2612 156 2699 μίας
174 2610 231 2679 καὶ
248 2606 367 2697 ἀρετῆς
381 2610 618 2697 ἐκβιασθέντες
634 2604 694 2679 τόν
717 2633 754 2676 τε
777 2604 888 2696 λόφον.
902 2609 1054 2690 ἐξέλιπον

77 2711 136 2779 καὶ
155 2711 208 2780 ἐπί
226 2709 285 2781 τόν
301 2708 430 2800 χάρακα
447 2706 630 2800 φεύγοντες
645 2712 681 2781 οί
694 2710 812 2779 πολλοὶ
824 2704 1050 2798 άπέδυησκον.
1069 2723 1105 2773 νο

76 2805 120 2881 ού
138 2809 202 2902 γάρ
220 2822 338 2883 εἴασαν
355 2807 478 2895 αύτούς
493 2815 529 2881 οί
539 2805 693 2901 Ῥωμαῖοι
711 2808 900 2897 διώκοντες,
917 2805 994 2879 ἀλλ’
1014 2813 1054 2880 ἐκ

38 2936 43 2951 ’
76 2910 182 2994 ποδός
200 2908 439 3001 ἠκολούθησαν
456 2913 512 2984 καὶ
526 2908 569 2984 ού
587 2910 753 3004 πρότερον
769 2906 1011 3000 άπετράπονιο,
1029 2904 1053 3000 ἢ

76 3010 142 3100 τὴν
159 3009 374 3105 παρεμβολὴν
392 3008 505 3084 αύτάν
521 3016 613 3085 ἑλεῖν
623 3008 707 3084 κατά
721 3010 850 3102 κράτος.
877 3008 1053 3101 γενόμενοι

79 3113 118 3185 δὲ
136 3114 300 3205 στομάτοιν
321 3143 358 3186 τε
378 3115 560 3207 [ἐγκρατεῖς
583 3114 651 3205 καί]
671 3109 735 3186 ὅσα
753 3112 987 3203 ἐγκατελήφθη
1003 3116 1052 3208 τῷ

77 3212 200 3305 χάρακι
217 3219 272 3287 καὶ
290 3222 403 3289 ἵππων
420 3219 477 3289 καὶ
493 3212 608 3289 ὅπλων
632 3218 689 3287 καὶ
705 3213 884 3307 χρημάτων
900 3212 1050 3304 παμπόλ·
1068 3230 1105 3280 8⁰

7 3328 67 3382 1907
78 3325 150 3387 λων
168 3316 294 3410 κύριοι,
313 3318 375 3409 τὴν
391 3320 455 3407 μὲν
471 3316 577 3391 νύκτα
592 3321 724 3407 ἐκείνην
737 3312 859 3388 αύτόθι
872 3337 1052 3405 κατεστρα-

77 3421 303 3509 τοπέδευσαν,
324 3424 366 3510 τῇ
392 3418 423 3490 δ’
449 3418 591 3511 ἐπιούσῃ
608 3417 715 3515 ἡμέρᾳ
730 3419 772 3491 τά
789 3425 838 3502 είς
854 3422 1053 3510 πολιορκίαν
