2384 3850
14 0 1382 79 ssW-w-‹gngu-
1434 0 1798 53 ·':,-·*-*·nyw,3-;
1884 0 1941 31 T*
2142 0 2162 10 -

14 303 38 356 :³⁸
106 290 208 376 ὥς
248 303 503 383 ἔμαθον
541 296 1027 383 ἐξεληλυθυῖαν
1075 297 1147 362 ἐκ
1187 296 1303 380 τῆς
1339 289 1595 373 πόλεως
1638 290 1765 381 τὴν
1798 297 1922 364 τοῦ
1951 323 2067 365 τυ·
2167 313 2171 316 ”

109 395 376 488 ράννου
435 395 750 485 στρατιὰν
811 392 1199 483 συνθήμασι
1262 404 1692 483 μηνυθεῖσαν
1748 389 1881 465 ὑπὸ
1929 399 2064 467 τῶν

111 498 430 584 σκοπῶν,
468 499 847 586 πέμπουσιν
884 499 948 580 ἐξ
985 492 1213 566 αὐτῶν
1246 496 1400 581 περὶ
1439 491 1756 581 ἑξήκοντα
1780 495 2065 585 μαλιστα

108 598 277 678 τούς
315 594 829 688 εὖτολμοτατους
868 598 1199 688 διφθέρας
1237 605 1505 686 ἔχοντας
1542 597 1654 664 καὶ
1690 600 2105 720 φακέλλους

111 696 490 789 φρυγάνων
516 706 924 788 κομίζοντας.
981 689 1167 770 οὗτοι
1202 701 1355 790 περὶ
1382 694 1650 787 λύχνων
1675 692 1854 787 ἀφας
1879 697 2069 770 αλλοι
2136 720 2179 769 5

110 799 268 871 κατ’
313 798 518 882 αλλας
567 799 780 882 πύλας
828 799 917 882 ὡς
956 805 1268 892 χερνῆται
1314 797 1872 890 παρεισπεσόντες
1920 807 2065 871 ἔλα-

111 917 284 974 θον·
325 897 415 984 ὥς
454 901 517 972 δ’
561 909 763 974 ἔνδον
800 905 1103 993 ἐγένοντο
1139 929 1261 971 του
1298 906 1557 988 τείχους
1594 899 2065 986 ἐξελκύσαντες

117 1008 198 1074 ἐκ
245 1007 382 1075 τῶν
425 1006 782 1092 φακέλλων
827 1002 870 1074 ἃ
920 1005 1373 1095 κατέκρυπτον
1419 1005 1613 1091 ξίφη,
1662 1005 1775 1073 καὶ
1822 1013 2067 1075 συνελ-

111 1104 359 1186 θόντες
397 1113 492 1187 εἰς
527 1100 645 1175 τόν
679 1103 888 1176 αὐτόν
930 1102 1219 1187 ἅπαντες
1254 1102 1495 1191 τόπον,
1550 1102 1755 1173 ἔπειτ’
1798 1109 2066 1176 ἐκεῖθεν

112 1202 532 1296 ὁρμήσαντες
567 1203 808 1299 ἀθρόοι
853 1204 1019 1297 πρὸς
1065 1203 1181 1287 τὰς
1222 1207 1330 1275 ἐπὶ
1366 1202 1789 1295 τὸν”Αορνον
1820 1205 2064 1298 φερού-
2102 1225 2179 1272 10⁹

11 1332 97 1383 :37
118 1330 245 1390 σας
292 1306 545 1397 πύλας,
609 1307 765 1390 τούς
823 1337 896 1380 τε
943 1306 1249 1398 φύλακας
1311 1302 1534 1377 αὐτῶν
1591 1303 2065 1378 ἀποκτείνουσι

110 1411 577 1500 ’κοιμωμένους
637 1412 748 1480 καὶ
795 1408 950 1492 τούς
1012 1412 1376 1501 σφετέρους
1436 1405 1733 1489 ἅπαντας
1792 1406 1926 1498 ἤδη
1972 1413 2070 1505 τῷ

114 1520 324 1599 τείχει
381 1518 668 1599 πλησίον
728 1508 926 1593 ὄντας
989 1507 1567 1599 ἀναπεπταμέναις
1628 1526 1774 1592 ταῖς
1821 1508 2064 1591 πύλαις

111 1607 583 1703 ὑποδέχονται,
620 1616 733 1683 καὶ
767 1617 962 1683 τοῦτο
997 1609 1364 1703 πράξαντες
1389 1618 1655 1681 ἔλαθον.
1714 1616 1909 1701 ἔτυχε
1935 1611 2063 1703 γὰρ

115 1717 342 1803 ἐκείνῃ
387 1716 472 1802 τῇ
519 1716 712 1784 νυκτὶ
758 1711 955 1804 ἑορτή
1003 1742 1103 1793 τις
1149 1703 1321 1782 οὖσα
1370 1708 1765 1801 δημοτελής,
1813 1714 1925 1782 καὶ
1964 1708 2136 1783 διίῠ

113 1811 332 1903 αὐτὴν
378 1811 550 1896 ἅπας
594 1811 630 1885 ὁ
679 1814 845 1885 κατὰ
892 1812 1088 1885 πόλιν
1144 1811 1336 1904 ὄχλος
1400 1818 1473 1884 ἐν
1522 1809 1746 1894 πότοις
1807 1808 1904 1884 ὢν
1948 1816 2062 1884 καὶ

108 1934 259 1998 ταῖς
295 1913 529 1998 ἄλλαις
567 1913 978 1998 εὐπαθείαις.
1036 1920 1232 1987 τοῦτο
1268 1918 1598 2006 παρέσχεν
1634 1912 1859 1997 αὐτοῖς
1896 1915 2061 1986 κατὰ

108 2017 374 2106 πολλὴν
425 2016 774 2090 ευπέτειαν
820 2014 1081 2100 ἆπάσας
1130 2025 1432 2088 διελθεῖν
1484 2016 1602 2099 τὰς
1638 2018 1745 2087 ἐπὶ
1781 2016 1908 2107 τὴν
1940 2046 2060 2087 τυ-

110 2118 443 2208 ραννικὴν
479 2126 699 2191 οἰκίαν
734 2119 1074 2212 φερούσας
1107 2113 1339 2201 ὁδούς·
1364 2121 1489 2189 καὶ
1517 2114 1677 2188 οὐδὲ
1703 2144 1881 2210 παρα
1915 2136 2061 2202 ταῖς

107 2220 363 2313 θύραις
399 2219 656 2310 πολλήν
688 2250 837 2292 τινα
873 2223 984 2291 καὶ
1023 2225 1472 2312 ἐγρηγορυῖαν
1501 2248 1701 2308 ευρον
1722 2218 2057 2309 φυλακήν,
2095 2245 2166 2293 20

107 2322 284 2392 ἀλλά
320 2318 674 2394 κάνταῦθα
720 2321 878 2404 τούς
911 2323 1038 2412 μὲν
1073 2319 1206 2410 ἤδη
1243 2319 1740 2407 καθεύδοντας,
1788 2348 1945 2401 τους
1985 2322 2060 2390 δε

107 2423 492 2514 μεθύοντας
529 2422 1035 2512 ἀποσφάξαντες
1086 2428 1240 2512 δίχα
1287 2420 1501 2491 πόνου
1548 2423 1658 2490 καὶ
1694 2418 1860 2490 κατὰ
1895 2422 2058 2510 πλῆ-

105 2539 240 2607 θος
279 2533 375 2607 εἰς
410 2524 535 2614 τὴν
580 2532 803 2596 οίκίαν
839 2522 1209 2613 ὠσάμενοι,
1256 2521 1412 2604 τοὺς
1456 2523 1580 2611 μὲν
1615 2518 1858 2603 ἄλλους
1894 2520 2059 2611 σύμ-

103 2654 365 2708 παντας
401 2625 556 2698 οὕτε
590 2632 727 2697 τῶν
775 2624 1103 2717 σωμάτων
1137 2633 1234 2696 ἔτι
1269 2621 1626 2716 καρτερούς
1673 2620 1868 2706 ὄντας
1903 2620 2059 2694 οὔτε

104 2731 248 2799 τῶν
282 2732 555 2817 φρενῶν
584 2727 694 2797 διὰ
721 2727 838 2799 τὸν
873 2728 1060 2801 οἶνον
1096 2724 1455 2819 προβάτων
1492 2731 1688 2816 δίκην
1722 2730 2057 2814 κατέσφα-
2091 2748 2161 2797 25

105 2835 266 2913 ξαν·
312 2828 431 2902 τόν
467 2827 533 2900 δ’
565 2827 1041 2920 Ἀριστόδημον
1075 2832 1186 2900 καὶ
1224 2826 1382 2909 τούς
1418 2834 1664 2909 παῖδας
1699 2824 1911 2898 αὐτοῦ
1943 2829 2056 2897 καὶ

9 2952 93 3001 338
111 2931 239 3019 τὴν
303 2928 514 3021 ἄλλην
571 2933 971 3019 συγγένειαν
1031 2928 1515 3018 συλλαβόντες,
1586 2927 1737 3019 ἄχρι
1805 2931 2059 3015 πολλῆς

105 3031 351 3114 νυκτὸς
387 3030 792 3122 αἰκιζόμενοί
819 3059 892 3103 τε
921 3035 1033 3102 καὶ
1069 3035 1546 3122 στρεβλοῦντες
1585 3032 1698 3099 καὶ
1723 3030 1929 3100 πᾶσιν
1966 3026 2054 3111 ὡς

110 3142 332 3206 εἰπεῖν
388 3132 864 3225 λυμαινόμενοι
920 3149 1150 3214 κακοῖς
1200 3131 1613 3203 ἀπέκτειναν.
1705 3125 2056 3213 ἀνελόντες

110 3237 186 3305 δὲ
221 3233 344 3323 τὴν
379 3234 788 3327 τυραννικὴν
823 3243 1046 3307 οἰκίαν
1080 3231 1457 3326 πρόρριζον,
1496 3228 1585 3315 ὥς
1618 3231 1783 3322 μήτε
1816 3237 2054 3302 παιδία
2088 3255 2160 3305 30

106 3336 272 3427 μήτε
309 3354 634 3426 γυναῖκας
679 3336 841 3428 μήτε
889 3338 1290 3426 συγγένειαν
1334 3334 1628 3425 μηθενὸς
1679 3329 1903 3404 αὐτῶν
1935 3362 2053 3403 κα-

106 3447 451 3531 ταλιπεῖν,
507 3443 619 3510 καὶ
664 3436 757 3510 δι’
795 3437 952 3529 ὅλης
999 3436 1243 3517 νυκτὸς
1288 3434 1584 3518 ἅπαντας
1621 3433 2051 3525 ἐξερευνησά-
