2384 3850
442 119 637 204 '‘0ss

51 313 175 373 σαντες
193 286 258 361 σύν
275 287 407 384 μεγάλω
425 287 591 381 αὐχήματι
608 287 774 379 ἀπῆλθον.
794 285 965 379 όμέντοι’
960 301 1029 362 Ρω-

50 401 167 484 μαίων
195 387 320 474 ὕπατος
345 387 544 464 ἐκλιπιύν
511 420 572 462 τον
589 389 718 514 χάρακα
734 420 775 482 τη
760 390 948 483 Ἡέπιούση
992 393 1028 464 τὸ

50 492 120 584 γάρ
151 499 276 585 χωρίον
300 489 340 563 ού
364 499 442 564 λίαν
458 483 647 583 άσφαλδς
625 513 683 617 ην
707 493 1028 583 μετεστρατοπεδεύ-

50 617 138 666 σατο
157 598 194 665 ἐν
213 597 477 690 ἐπιτηδειοτέρῳ,
497 602 584 667 ἔνθα
601 592 732 718 ιάρρον
748 621 784 665 τε
802 591 952 685 ὠρύξατο
969 602 1028 682 βα-

50 697 206 785 θυτέραν
233 699 289 768 καὶ
319 694 448 788 χάρακα
480 694 618 785 ἐβάλετο
640 691 857 789 ὑψηλότερον.
898 713 967 777 τοῖς
991 697 1062 767 δδσ

50 804 227 887 πολεμίοις
253 801 356 870 ταῦτα
387 796 491 889 ὁρῶσι
516 796 604 869 πολύ
633 796 761 890 θράσος
791 800 1026 890 προσεγένετο·

49 901 111 972 καὶ
126 906 175 970 ἔτι
187 901 324 989 μάλλον,
339 899 453 990 ἐπειδὴ
468 897 639 991 σύμμαχος
649 897 763 981 αύτοῖς
774 895 912 989 ἄφίκετο
925 920 1028 989 στρα-

48 1001 107 1074 τιά
132 997 222 1092 παρά
244 1005 304 1073 τοῦ
324 998 550 1074 Οὐολούσκων
573 1030 610 1073 τε
633 1004 690 1072 καλ
714 1005 874 1073 Αἰκανῶν
892 1007 1026 1090 ἔθνους,

48 1101 159 1175 οὐδὲν
199 1111 247 1174 ἔτι
289 1102 569 1194 διαμελλήσαντες
611 1108 736 1194 ἐπῆγον
774 1107 823 1198 τῷ
858 1097 1027 1193 Ῥωμαίων

49 1203 183 1298 χάρακι,
1045 1225 1077 1275 10

129 1305 241 1378 LXIII.
284 1300 320 1377 ‘0
349 1307 389 1376 δδ
416 1302 542 1389 ύπατος
571 1305 840 1396 ἐνθυμούμενος,
875 1302 927 1376 ὅτι
963 1301 1026 1376 ούκ

48 1405 227 1499 ἀξιόμαχος
252 1405 384 1478 ἔσται’
366 1437 387 1534 η
412 1405 477 1479 σύν
500 1404 592 1478 αὐτῶ
627 1405 769 1530 δύναμις
799 1405 1024 1497 ἀγωνιζομένη

2 1589 5 1596 ,
47 1507 136 1602 πρός
153 1506 323 1600 άμφότερα
340 1507 381 1580 τά
399 1515 496 1598 ἔθνη,
508 1511 632 1599 πέμπει
649 1506 742 1592 τινάς
761 1511 857 1578 ἐκ
811 1537 880 1578 των
894 1508 1025 1578 ίππίων

47 1609 228 1703 γράμματα
255 1617 302 1692 είς
324 1607 386 1701 την
403 1608 532 1701 Ῥούμην
555 1618 765 1701 κομίζοντας,
791 1606 835 1681 δι’
863 1598 912 1679 ύν
929 1604 1025 1696 ἠξίου

48 1730 188 1803 ταχεῖαν
206 1711 318 1796 αὐτοῖς
333 1715 447 1786 ἐλθεῖν
453 1706 721 1838 ίπικρνρίαν,
697 1741 742 1794 ως
759 1707 1024 1798 κινδυνευούσης
1043 1731 1075 1780 15

49 1811 134 1904 ὅλης
163 1817 395 1938 διαφθαρηυαι
423 1843 482 1903 της
507 1811 574 1886 σύν
598 1812 690 1907 αύτύ
712 1816 905 1936 στρατιᾶς
919 1815 1024 1881 ταῦτα

50 1911 317 2007 ἐπιλεξάμενος’
301 1945 320 1987 ο
338 1913 528 1999 συνύπατος
547 1913 652 1987 αύτον
638 1913 866 2039 Ποστόμιος
884 1902 972 2003 ησαν
985 1911 1023 1983 δὲ

22 2021 150 2109 νμὲσαι
173 2016 293 2101 νύκτες
316 2014 500 2109 μάλιστα”
482 2047 536 2089 οτε
560 2024 595 2089 oc
624 2024 735 2101 ιππεῖς
763 2013 940 2108 άφίκοντο
968 2012 1024 2086 διά

48 2118 208 2213 κηρύκων
225 2123 360 2192 πολλῶν
376 2118 454 2201 τούς
471 2116 685 2209 βουλευτάςί
685 2123 784 2190 κτῶν
795 2121 912 2189 οίκιων
923 2139 1024 2189 συνε-

47 2221 159 2293 κάλει·
187 2224 395 2310 καὶγίνεται
418 2219 527 2311 δόγμα
550 2225 675 2309 βουλῆς
698 2221 781 2308 πρὶν
797 2218 926 2309 ἡμέραν
943 2227 1022 2310 λαμ·
1040 2237 1073 2287 20

5 2386 13 2393 .
47 2321 141 2447 πράν
154 2326 329 2453 γενέσθαι,
347 2332 446 2393 Τῖτον
449 2322 525 2446 μδμ
538 2327 697 2393 Κοίντιον
714 2317 773 2390 τόν
784 2314 1024 2392 ύπατεύσαντα

47 2422 87 2496 τό
105 2431 235 2515 τρίτον,
261 2432 378 2515 ἔχοντα
401 2420 478 2507 τούς
496 2420 737 2513 ιἰκμαιοτάτονς
760 2450 828 2491 των
851 2422 939 2491 νέων
962 2446 1023 2491 πε-

48 2524 127 2611 ζούς
144 2554 180 2596 τε
198 2528 254 2597 καὶ
272 2520 437 2614 ίππεῖς,’
418 2554 504 2617 αρχη
491 2525 734 2615 κοσμηθέντα
752 2518 938 2594 ἀνθυπάτω
956 2550 1023 2612 χω-

48 2645 126 2719 ρεῖν
144 2630 198 2697 ἐπὶ
216 2624 292 2710 τούς
310 2633 489 2717 πολεμίους
508 2630 540 2711 ἐξ
557 2624 698 2749 ἐφόδου
718 2615 834 2695 Αύλον
846 2624 883 2694 δὲ
895 2620 1021 2693 Ποστό-

48 2757 129 2819 μιον
151 2726 210 2799 τὸν
233 2732 347 2820 ἕτερον
370 2732 439 2799 τεόν
461 2724 599 2849 ύπάτωμ
630 2727 687 2809 τάς
716 2724 832 2809 λοιπάς
861 2723 1021 2852 δυνάμεις
1038 2748 1073 2798 25

48 2828 303 2921 συναγαγόντα,
321 2824 360 2913 οἷς
378 2836 447 2901 ἔδει
464 2826 687 2921 χρονιώτερον
703 2837 896 2914 συνελθεῖν,
916 2824 961 2909 ὥς
978 2822 1023 2897 άν

50 2927 144 3025 αύτω
168 2930 288 3022 τάχους
312 2933 485 3021 ἐγγένηται
508 2939 660 3020 βοηθεῖν.
687 2927 794 3020 ημίρα
813 2929 850 2999 δε
866 2926 934 3017 ηδη
954 2932 1022 2997 διε·

48 3034 224 3123 πέφωσκε,
256 3028 350 3105 καῖ’
333 3063 352 3104 ο
375 3039 531 3114 Κοίντιος
555 3028 725 3123 συνήγαγε
747 3028 825 3110 τούς
843 3024 1022 3109 ἐθελοντάς

49 3143 340 3224 πεντακισχιλίους
363 3132 505 3225 μάλιστα
529 3130 669 3223 ἄνδρας·
703 3126 820 3202 καῖ’
781 3159 822 3202 ου
844 3127 931 3200 πολύ
949 3132 1003 3200 ἐπι

50 3232 158 3337 σχεδν,
186 3240 302 3326 ἐξῆγεν
325 3239 427 3307 ἐκ
385 3264 443 3325 της
461 3233 595 3316 πόλεως.
636 3236 733 3304 τούτο
750 3227 1020 3313 ὑποπτεύσαντες
1038 3261 1071 3311 30

2 3367 6 3396 τ
30 3344 303 3427 οέμελλονΑ
220 3343 318 3410 οίΑί
304 3340 414 3409 ίκανολ
436 3339 491 3409 καὶ
510 3339 591 3456 πριν
606 3337 722 3407 ἐλθεῖν
740 3336 935 3425 ἐπικουρίαν
952 3348 1020 3414 τοῖς

46 3436 218 3529 Ῥωμαίοις
248 3436 473 3532 προσβάλλειν
502 3467 548 3533 τω
579 3436 699 3531 χάρακι
730 3433 852 3524 αύτων,
871 3463 927 3505 και
915 3436 1020 3504 δια-
