2384 3850
950 27 1359 128 —H-4
1996 67 2114 130 117

165 236 339 310 οὔτε
398 237 525 329 γὰρ
588 235 811 338 αὐτῶν
869 236 1261 311 ἀπέκτεινεν
1321 236 1356 311 ὁ
1420 239 1783 332 στρατηγὸς
1843 238 2114 328 οὐδένα,

167 339 340 411 οὔτε
379 339 696 430 ἐξήλασεν
733 344 805 411 ἐκ
839 345 956 430 τῆς
990 339 1275 423 πόλεως·
1333 344 1586 431 ἐσθῆτα
1633 342 1709 413 δὲ
1741 354 1879 422 τοῖς
1915 362 2117 430 στρα-

166 440 448 524 τιώταις
481 445 594 512 καὶ
628 440 878 531 τροφὰς
916 450 1010 523 εἰς
1046 446 1226 532 μῆνα
1263 442 1496 526 ἱκανὰς
1544 445 1656 514 καὶ
1691 439 2017 532 ἀργύριόν
2051 472 2114 513 τι

166 546 453 633 μέτριον
497 541 725 631 λαβὼν
772 540 989 633 ἀπῆγε
1034 542 1156 633 τὴν
1209 542 1532 635 δύναμιν,
1594 543 1831 633 ὀλίγην
1873 559 2116 632 μοῖραν

170 649 258 715 ἐν
291 648 379 733 τῇ
410 643 601 715 πόλει
647 643 1033 715 καταλιπών
1076 649 1191 734 τῆς
1236 674 1310 715 τε
1345 645 1712 736 ἀσφαλείας
1758 647 1894 714 τῶν
1943 647 2116 714 ἐνοι-
2185 670 2217 718 5

169 744 489 817 κοῦντων
535 749 765 832 ἕνεκα,
818 745 911 836 μή
943 775 1008 816 τι
1042 742 1175 820 ὑπὸ
1202 744 1542 836 Ῥωμαίων
1577 745 1850 817 πάθωσι
1884 743 2113 833 κακόν,

172 849 296 916 καὶ
332 849 456 916 τοῦ
479 848 693 936 μηδὲν
718 846 1005 938 ὕστερον
1032 856 1439 935 νεωτερίσαι.
1500 856 1595 929 εἰς
1624 848 1699 917 δὲ
1724 843 1848 935 τὴν
1865 844 2119 935 Ῥιόμην

177 945 273 1028 ὡς
322 943 622 1036 ἠγγέλθη
667 947 749 1019 τὰ
795 946 1124 1038 γενόμενα
1170 946 1344 1019 πολῦ
1391 957 1646 1020 πλείων
1705 945 1956 1037 ταραχὴ
2003 950 2117 1017 καὶ
2170 967 2175 972 ’

173 1046 480 1137 θόρυβος
515 1038 636 1138 ἦν,
684 1054 822 1120 τῶν
856 1051 981 1140 μὲν
1016 1058 1386 1141 πατρικίων
1419 1050 1538 1121 τὸν
1577 1053 1793 1139 δῆμον
1830 1047 2118 1140 ἐχόντων

175 1146 276 1218 δι’
321 1156 559 1238 αἰτίας,
595 1146 697 1220 ὅτι
730 1150 1133 1241 πολεμιστὴν
1165 1148 1384 1240 ἄνδρα
1419 1154 1531 1222 καὶ
1568 1149 1970 1241 δραστήριον
2005 1152 2116 1220 καὶ
2156 1173 2220 1221 10

171 1249 605 1340 φρονήματος
634 1248 951 1340 εὐγενοῦς
977 1250 1221 1341 μεστὸν
1249 1260 1496 1335 ψευδεῖ
1516 1250 1990 1341 περιβαλόντες
2017 1259 2114 1320 αἰ-

170 1359 292 1443 τίᾳ
319 1355 435 1441 τῆς
470 1350 728 1433 πόλεως
757 1349 1113 1441 ἀπήλασαν
1143 1356 1256 1423 καὶ
1285 1351 1796 1445 παρεσκεύασαν
1822 1348 2116 1441 ἡγεμόνα

179 1447 637 1535 Οὐολούσκοις
663 1457 987 1541 γενέσθαι
1002 1472 1015 1486 ·
1044 1458 1181 1524 ταῖν
1213 1455 1287 1523 δὲ
1313 1453 1821 1543 προεστηκότων
1847 1457 1970 1522 τοῦ
1986 1453 2116 1540 ’δή-

14 1572 149 1621 ἱ532
172 1581 312 1642 μου
359 1563 754 1645 κατηγορίας
802 1559 923 1626 τοῦ
968 1562 1332 1643 συνεδρίου
1379 1556 1831 1643 ποιουμένων,
1883 1555 1996 1622 καὶ
2041 1551 2115 1622 τὰ

174 1659 453 1744 πρᾶγμα
499 1654 661 1726 ὅλον
707 1660 772 1739 ἐξ
810 1659 1169 1745 ἐπιβουλῆς
1216 1651 1334 1724 ὑπ’
1392 1659 1670 1726 ἐκείνων
1715 1652 2111 1724 κατεσκευά-
2151 1676 2215 1725 15

173 1767 345 1826 σθαι
380 1753 752 1846 λεγόντων,
814 1756 933 1828 τόν
980 1785 1053 1827 τε
1101 1755 1393 1847 πόλεμον
1441 1755 1524 1828 οὗ
1562 1753 1790 1827 κοινὰν
1836 1751 2112 1840 ἅπασιν,

175 1853 353 1927 ἀλλὰ
389 1865 579 1947 σφίσι
626 1857 853 1948 μόνοις
903 1857 1276 1948 ἐπαγεσθαι
1322 1862 1828 1949 σκηπτομένων
1885 1847 2070 1928 καὶ
2031 1886 2117 1944 ην

172 1957 252 2029 τὰ
315 1963 852 2048 κακοηθέστατον
918 1964 1044 2033 τοῦ
1103 1959 1320 2050 δήμου
1380 1964 1578 2053 μέρος
1641 1990 1776 2050 αμα
1835 1957 2111 2039 τούτοις.

172 2058 489 2151 στρατιὰς
537 2062 613 2130 δὲ
662 2089 1116 2154 καταγραφειν
1160 2058 1204 2150 ἢ
1242 2072 1476 2133 καλεῖν
1520 2061 1678 2143 τούς
1727 2084 2116 2185 συμμαχους

172 2157 223 2247 ’ἢ
283 2161 916 2234 κατασκευασασθαι
975 2192 1054 2233 τα
1108 2170 1585 2251 κατεπείγοντα
1641 2161 1752 2231 δια
1812 2190 1892 2231 τα
1945 2160 2110 2249 πρὸς
2146 2183 2214 2231 20

174 2258 510 2350 ἀλλήλους
546 2272 713 2353 ἔχθη
747 2268 860 2335 καὶ
886 2293 1003 2345 τας
1033 2270 1107 2335 ἐν
1131 2281 1275 2345 ταῖς
1305 2269 1683 2352 ἐκκλησίαις
1711 2270 2111 2351 κατηγορίας

177 2361 332 2435 οὐδ’
378 2370 473 2444 εἰς
505 2373 677 2436 νοῦν
714 2363 1107 2455 ἐλαμβανον.
1317 2434 1320 2437 ⁴

333 2464 487 2533 XV.
553 2470 763 2537 Τοῦτο
798 2463 1298 2556 καταμαθόντες
1345 2468 1417 2534 οἰ
1445 2460 1890 2551 πρεσβυτατοι
1929 2453 2110 2551 [των]

165 2561 545 2655 Ῥωμαίων,
589 2570 1085 2657 συστραφέντες
1122 2574 1403 2638 ἔπειθον
1439 2571 1582 2635 ἰδία
1615 2592 1687 2634 τε
1723 2565 1835 2633 καὶ
1873 2566 1947 2633 ἐν
1981 2591 2114 2633 κοι-

173 2670 281 2760 νῷ
312 2666 465 2749 τοῦς
503 2666 1110 2750 στασιωδεστατονς
1143 2696 1282 2739 των
1321 2672 1696 2758 δημοτικῶν
1722 2662 2115 2736 παύσασθαι
2150 2685 2217 2734 25

172 2774 320 2838 τῶν
355 2776 450 2849 εἰς
483 2767 640 2850 τοῦς
674 2777 1064 2858 πατρικίους
1089 2765 1406 2853 ὑποψιῶν
1429 2796 1505 2839 τε
1531 2770 1643 2839 καὶ
1668 2774 2083 2854 κατηγορεῖ-ἰν
2099 2785 2112 2796 ·

177 2866 613 2952 διδάσκοντες
651 2869 741 2951 ὥς
779 2878 841 2940 εἰ
873 2869 963 2942 δι’
1010 2869 1160 2952 ἑνὸς
1194 2866 1443 2959 ἀνδρὸς
1479 2875 1851 2959 ἐπιφανοῦς
1887 2867 2116 2955 :pm-uffa!

174 2976 494 3052 τοσοῦτος
539 2978 858 3054 κίνδυνος
895 2976 1169 3062 κατέσχε
1205 2969 1596 3061 τὴνπόλιν,
1643 2977 1714 3040 τί
1744 2966 1867 3057 χρὴ
1905 2987 2117 3056 προσ-

177 3075 425 3159 δοκᾶν,
476 3070 596 3144 ἐὰν
642 3069 1180 3161 ἀναγκασθῶσιν.
1203 3076 1275 3143 οἰ
1305 3074 1536 3143 πολλοὶ
1571 3078 1707 3140 τῶν
1743 3076 2116 3160 πατρικίων

172 3176 836 3261 προπηλακισθέντες
868 3172 1001 3245 ὑπὸ
1035 3178 1156 3245 τοῦ
1185 3171 1403 3262 δήμου
1438 3170 1512 3241 τὸ
1550 3169 1712 3241 αὐτὸ
1747 3178 2110 3260 φρονῆσαι·
2150 3190 2217 3239 30

173 3274 289 3343 καὶ
324 3276 644 3364 κατέσχον
676 3264 862 3346 οῦτοι
896 3273 1021 3365 τὴν
1054 3273 1384 3363 ἀκοσμίαν
1417 3280 1538 3343 τοῦ
1563 3270 1887 3361 πλήθους.
1944 3298 2112 3340 παυ-

172 3377 472 3464 σαμένου
498 3378 578 3447 δὲ
593 3384 712 3447 τοῦ
738 3384 989 3448 πολλοῦ
1013 3374 1324 3467 θορύβου
1350 3381 1779 3445 συνελθοῦσα
1805 3370 1848 3461 ἡ
1875 3369 2112 3460 βουλή,
