2384 3850
187 49 367 121 210‘'
572 58 777 117 -H-

189 263 260 322 γων
278 246 466 320 καρτερεῖν·
495 230 550 299 καὶ
571 227 626 298 διά
640 233 745 301 τοῦτο
769 233 805 299 οί
826 228 1070 319 φρονιμώτατοι
1086 233 1140 297 τῶν

189 330 365 423 ἡγεμόνων
382 328 439 401 άεί
452 359 545 412 τινας
564 334 601 401 ἐκ
618 332 686 402 τάν
703 327 899 402 ἀλλοεθνῶν
922 327 1140 420 άναζωπυροῦ-

190 458 246 509 σιν
263 442 403 524 ἔχθρας,
422 441 614 523 κρείττονας
632 429 813 522 ήγούμενοι
831 434 899 501 τάν
918 437 1079 504 ἐντοπίων
1094 458 1139 500 πο-

188 541 299 626 λέμων
316 532 394 616 τούς
411 533 632 617 ἀλλοδαπούς.
674 533 747 605 τότε
766 530 798 603 δ’
818 523 897 621 ούν,
922 532 1035 622 ὥσπερ
1058 542 1168 621 ἔγημε

157 635 273 712 σκατά
298 642 440 725 δαίμονα
464 651 533 717 τοῖς
556 632 695 717 ὑπάτοις
718 638 906 707 συνέπεσον
930 642 969 705 αί
988 637 1056 705 τάν
1072 630 1140 721 ὑπη-

191 739 281 811 κόων
299 734 546 818 ἐπαναστάσεις.
595 734 803 809 Οὐολοῦσκοι
827 735 889 827 γάρ
915 748 980 807 είτε
1003 740 1045 828 τῇ
1066 744 1141 805 πολι-

191 846 265 931 τική
278 838 448 929 Ῥωμαίων
465 837 593 927 κινήσει
611 837 848 919 πιστεύσαντες
868 836 911 919 ὡς
931 842 1141 925 ἐκπεπολεμω-

190 946 294 1031 μένον
317 946 376 1010 τοῦ
400 944 581 1030 δημοτικοῦ
604 940 686 1031 πρὸς
709 938 786 1021 τούς
815 942 851 1008 ἐν
873 942 976 1009 τέλει’
1013 950 1076 1011 είτε
1098 940 1142 1023 τής

191 1046 353 1133 προτέρας
370 1040 468 1129 ήττης
486 1038 628 1131 ἀμαχητὶ
642 1032 822 1131 γενομένης
835 1039 980 1131 αίσχύνη
995 1042 1142 1131 παροξυν-

141 1169 174 1217 10
191 1145 322 1224 θέντες·
352 1152 418 1212 είτε
437 1144 491 1211 έπλ
515 1159 587 1225 ταῖς
606 1146 735 1213 ἑαυτῶν
761 1140 923 1231 δυνάμεσι
946 1152 1081 1224 πολλαῖς
1098 1136 1143 1210 ού-

192 1269 265 1326 σαις
289 1247 372 1335 μέγα
387 1240 631 1336 φρονήσαντες·
662 1255 727 1315 είτε
747 1244 802 1315 διά
819 1247 924 1314 ταύτα
948 1242 1073 1332 πάντα,
1097 1269 1143 1311 πο·

191 1356 304 1437 λεμείν
322 1345 494 1435 Ῥωμαίοις
526 1348 730 1435 διέγνωσαν,
768 1348 824 1415 καὶ
854 1344 1143 1435 συναγαγόντεςέξ

190 1444 320 1537 άπάσης
337 1446 465 1531 πόλεως
483 1444 544 1535 τήν
561 1446 718 1537 νεότητα,
742 1449 834 1537 μέρει
857 1448 919 1536 μέν
942 1476 1008 1518 τινι
1025 1449 1079 1535 τής
1097 1451 1143 1514 δυ·

189 1550 320 1641 νέμεσις
352 1553 406 1620 ἐπὶ
436 1546 494 1631 τάς
520 1546 684 1639 Ἑρνίκων
713 1578 749 1620 τε
780 1550 835 1618 καὶ
858 1556 1016 1619 Λατίνων
1046 1546 1143 1624 πόλεις

142 1676 173 1723 15
191 1650 427 1743 ἐστράτευσαν,
444 1655 485 1740 τή
505 1651 543 1720 δέ
560 1654 672 1740 λοιπή,
691 1645 713 1738 ή
731 1658 869 1738 πλείστη
888 1678 924 1721 τε
941 1640 985 1739 ήν
1004 1652 1058 1721 καί
1075 1675 1143 1737 κρα-

191 1761 310 1842 τίστη,
330 1752 408 1833 τούς
433 1754 488 1821 ἐπὶ
512 1751 570 1833 τάς
587 1750 699 1834 πόλεις
718 1756 815 1840 σφῶν
838 1747 976 1839 ήξοντας
1001 1754 1143 1841 δέχεσθαι

192 1853 344 1945 ήμελλον,
373 1858 476 1924 ταῦτα
493 1858 642 1942 μαθούσι
655 1851 825 1943 Ῥωμαίοις
845 1856 936 1938 έδοξε
955 1858 1031 1944 διχή
1045 1854 1143 1940 νέμειν

191 1956 249 2036 τάς
267 1953 443 2044 δυνάμεις,
462 1957 518 2023 καὶ
535 1960 575 2044 τή
598 1956 661 2044 μὲν
679 1957 774 2048 ἑτέρᾳ
792 1957 854 2044 τήν
872 1955 1035 2047 Ἑρνίκων
1050 1981 1082 2024 τε
1098 1952 1143 2021 καὶ

168 2091 171 2095 ·
191 2062 348 2128 Λατίνων
361 2053 579 2144 διάφυλακής
597 2063 696 2145 ἔχειν,
714 2064 755 2147 τή
767 2055 794 2127 δ’
816 2059 910 2152 ἑτέρᾳ
927 2056 989 2146 τήν
1010 2050 1144 2128 Οὐολού-

141 2183 174 2231 εο
193 2179 284 2228 σκων
302 2166 485 2245 λεηλατεῖν.
1131 2182 1133 2185 ’

268 2259 460 2328 LXXXHH.
499 2262 839 2350 Διακληρωσαμένων
865 2261 901 2331 δὲ
930 2263 1000 2332 τοῖν
1022 2255 1161 2331 ύπάτων1

191 2361 250 2446 τάς
268 2361 427 2454 δυνάμεις
452 2360 495 2444 άς
514 2369 607 2432 ἔστιν
625 2359 739 2444 αὐτοῖς
763 2367 857 2450 έθος,
888 2360 925 2432 τὸ
942 2362 1006 2450 μὲν
1025 2365 1144 2432 ἐπικον·

193 2481 266 2553 ρείν
282 2468 405 2553 μέλλον
427 2481 496 2546 τοῖς
514 2460 698 2552 συμμάχοις
723 2461 912 2554 στράτευμα
929 2471 1068 2534 Καίσων
1085 2455 1145 2532 Φά-

193 2573 264 2652 βιος
288 2568 470 2655 παρέλαβε·
503 2563 650 2654 θάτερον
681 2565 718 2635 δέ
741 2563 884 2646 Λεύκιος
909 2572 994 2654 έχων
1020 2566 1071 2635 ἐπὶ
1093 2557 1144 2645 τήν

141 2689 175 2737 25
188 2664 369 2736 Ἀντιατῶν
399 2658 460 2754 ήγε
493 2664 600 2737 πόλιν.
647 2665 824 2756 γενόμενος
856 2667 902 2736 δέ
923 2672 1067 2755 πλησίον
1088 2664 1145 2732 τῶν

192 2765 312 2856 ὁρίων,
344 2768 400 2836 καὶ
428 2765 574 2838 κατιδάν
607 2763 664 2848 τάς
693 2771 761 2839 τάν
791 2775 961 2857 πολεμίων
987 2765 1145 2856 δυνάμεις,

191 2868 265 2939 τότε
293 2869 355 2957 μὲν
380 2863 822 2957 ἀντικατεστρατοπέδευσεν
852 2872 906 2940 ἐπὶ
929 2867 1053 2958 λόφου·
1084 2880 1146 2941 ταῖς

194 2967 226 3038 δ’
255 2972 328 3059 ἑξής
352 2967 488 3060 ἡμέραις
514 2967 668 3052 ἐξιόντων
693 2977 739 3052 είς
763 2969 799 3039 τὸ
824 2977 943 3041 πεδίον
965 2974 1035 3040 τῶν
1058 2974 1146 3038 πολε-

191 3077 278 3159 μίων
296 3071 425 3161 θαμινά
449 3073 506 3142 καὶ
529 3067 812 3161 προκαλουμένων
835 3079 882 3154 είς
906 3070 1033 3162 μάχην,
1056 3067 1145 3158 ήνίκα

141 3194 175 3243 30
192 3169 252 3241 τὸν
270 3178 395 3244 οίκεῑον
413 3180 502 3263 ἔχειν
518 3171 636 3263 καιρὸν
653 3171 890 3264 ὑπελάμβανεν
909 3176 1004 3262 ἐξῆγε
1021 3169 1078 3254 τάς
1096 3173 1144 3236 δυ·

192 3270 322 3362 νάμεις·
355 3277 410 3343 καὶ
433 3277 515 3365 πρὶν
540 3282 586 3356 είς
610 3291 722 3365 χεῖρας
753 3277 867 3346 ἐλθεῖν
891 3271 1094 3366 παρακλήσει
1115 3291 1144 3336 τε

192 3378 298 3466 πολλή
315 3377 372 3445 καὶ
391 3374 596 3446 ἐπικελεύσει
614 3375 838 3467 χρησάμενος,
865 3379 1017 3448 ἐκέλευσε
1035 3373 1143 3462 σημαί-
