2384 3850
169 102 232 168 322
553 104 756 163 -ο-

168 271 235 346 ἀπὸ
253 273 473 363 τραυμάτων,
498 272 582 344 ἀλλά
612 272 668 344 διά
688 272 811 364 τάχους
828 265 1047 369 ἀνέστρεψαν.
1090 275 1150 343 καλ

168 375 250 468 μετά
266 381 370 447 ταῦτα
389 375 444 447 διά
462 381 625 468 φυλακῆς,
635 377 725 466 εἶχον
744 374 894 461 ἑκάτεροι
912 379 1000 462 σφας
1020 370 1185 457 αάτούςΙ

169 483 326 570 μένοντες
346 483 381 548 ἐν
399 495 472 560 ταῖς
489 485 717 565 παρεμβολαῖς
734 474 811 566 ἄχρι
829 479 964 546 πολλου.

247 580 304 650 LX
311 577 350 651 V.
369 577 504 650 Ἔπειτα
519 585 679 650 Αἰκανῶν
690 581 794 658 τεκαὶ
809 574 1037 648 Οὐολούσκων
1048 580 1150 669 ἑτέρα

135 680 313 770 σδάναμις
338 682 441 752 καλὸν
464 678 752 770 ὑπολαμβάνουσα
774 678 894 769 καιρὸν
916 686 1006 768 ἐχειν
1023 707 1150 767 προνο-

168 789 289 874 μεῦσαι
302 781 364 872 τὴν
374 777 543 871 Ῥωμαίων
557 785 632 871 γῆν,
648 785 945 870 ἐξεστρατευμένης
959 777 1074 850 αὐτῶν
1086 785 1148 868 τῆς

120 911 122 918 ’
170 893 346 972 κρατίστης
366 882 552 972 δυνάμεως,
575 886 695 971 ἐξῆλθε
712 881 848 965 νυκτός
877 885 934 953 καί
953 885 1149 971 ἐμβαλοῦσα

171 993 218 1067 είς
236 986 298 1074 τὴν
315 984 518 1072 προσωτάτω
536 982 667 1074 χάραν,
691 992 777 1055 ἔνθα
794 1001 864 1065 τοῖς
881 999 1042 1072 γεωργοῖς
1068 986 1147 1064 δέος

169 1083 271 1158 οὐδὲν
295 1087 382 1157 εἶναι
407 1084 533 1174 ἐδόκει,
560 1089 696 1156 πολλάν
719 1093 869 1174 γίνονται
887 1084 1065 1175 χρημάτων
1089 1086 1149 1154 καὶ

119 1202 152 1252 10
169 1185 333 1276 σωμάτων
352 1192 531 1276 ἐγκρατεῖς.
574 1186 615 1258 οὐ
633 1187 700 1277 μὴν
718 1186 820 1268 καλάς
838 1213 877 1274 γε
895 1182 971 1257 οὐδ’
991 1182 1147 1274 εὐτυχεῖς

168 1287 227 1370 τάς
246 1288 383 1378 ἐσχάτας
395 1297 501 1378 ,ἒσχον
519 1290 654 1360 ἐκεῖθεν
670 1285 873 1377 ἀπαλλαγάς.
907 1283 925 1358 ό
949 1284 1014 1377 γάρ
1032 1290 1146 1377 ἕτερος

168 1395 236 1462 τῶν
258 1389 396 1461 ὑπάτων
420 1387 607 1480 Ποστόμιος
629 1385 723 1480 άγων
745 1388 808 1477 τὴν
824 1379 1056 1478 συναχθεῖσαν
1075 1394 1147 1464 ἐστι·

168 1501 310 1579 κουρίαν
343 1507 413 1574 τοῖς
445 1495 483 1562 ἐν
514 1495 560 1585 τῷ
594 1489 715 1581 χάρακι
746 1494 1058 1580 πολιορκουμένοις,
1100 1489 1147 1571 ὥς

169 1600 276 1684 ἔμαθε
298 1591 339 1662 τά
363 1591 523 1682 γινόμενα
545 1587 614 1662 ἀπὸ
631 1597 699 1662 των
717 1602 905 1682 πολεμίων,
931 1595 1147 1681 ἐπιφαίνεται

120 1709 154 1758 1ο
172 1691 286 1776 αὐτοῖς
306 1699 342 1764 ἐκ
359 1698 419 1764 τοὺ
437 1691 649 1766 ἀνελπίστου.
685 1699 722 1763 ολ
737 1691 770 1765 δ’
791 1691 870 1764 οὔτε
886 1691 1146 1781 κατεπλάγησαν

168 1793 247 1867 οάτε
272 1802 407 1866 ἔδεισαν
430 1792 533 1866 αὐτοῦ
562 1796 624 1884 τὴν
653 1801 795 1884 ἐφοδον,
831 1791 907 1865 ἀλλ’
938 1792 1146 1882 ἀποθέμενοι

136 1942 146 1949 -
169 1899 271 1989 σχολῇ
293 1896 354 1979 τάς
377 1893 566 1979 ἀποσκευάς
589 1899 646 1967 καί
670 1894 711 1967 τά
734 1895 871 1987 λάφυρα
896 1903 944 1978 είς
963 1901 1001 1968 ἓν
1018 1904 1145 1986 χωρίον

169 1999 290 2088 ἐχυρὸν
312 2001 368 2067 καὶ
395 1998 551 2087 φυλακὴν
567 1997 630 2087 τὴν
644 1995 816 2088 ἀρκοῦσαν
829 2000 883 2068 ἐπὶ
896 1997 1026 2079 τούτοις
1040 2026 1145 2067 κατα·
1156 2025 1185 2075 19

168 2098 338 2187 λιπόντες,
356 2104 392 2169 οί
406 2102 517 2170 λοιποὶ
534 2103 793 2189 συντεταγμένοι
810 2104 957 2190 χωροῦσι
977 2116 1050 2180 τοῖς
1063 2094 1147 2170 Ῥω-

64 2288 67 2292 .
116 2218 151 2267 20
167 2208 276 2293 μαίοις
293 2200 409 2293 ὁμόσε·
435 2204 491 2273 καί
509 2199 735 2291 συμπεσόντες
753 2198 829 2286 ἀξια
846 2200 948 2290 λόγου
965 2208 1046 2290 ἔργα
1062 2198 1145 2272 άπε-

169 2310 344 2375 δείκνυντο
373 2300 480 2390 ὀλίγοι
510 2304 572 2393 μὲν
602 2300 684 2390 πρός
715 2300 858 2384 πολλοάς
888 2300 1144 2392 ἀγωνιζόμενοι·
1180 2379 1186 2393 ,

168 2407 351 2494 συνέρρεον
364 2404 427 2494 γάρ
443 2407 562 2476 ἐκτῶν
578 2402 693 2493 ἀγρῶν
712 2400 765 2475 ἐπ’
785 2402 909 2486 αὐτοάς
928 2412 1059 2494 συχνοί,
1074 2410 1145 2475 διε·

168 2511 389 2597 σκευασμένοι
414 2510 496 2597 ψιλῇ
521 2504 652 2576 ὁπλίσει
675 2502 758 2593 πρός
786 2503 912 2596 ἀνδρας
936 2504 999 2575 ὅλα
1020 2501 1059 2575 τά
1078 2503 1146 2576 σά·

166 2636 253 2697 ματα
277 2616 410 2696 ἔχοντας
434 2610 471 2677 έν
494 2614 644 2699 φυλακῇ·
681 2605 842 2695 ἐποίησάν
858 2631 895 2677 τε
912 2605 1056 2687 πολλοὺς
1072 2610 1147 2676 ταῖν

2 2796 3 2799 ¹
116 2722 149 2772 25
163 2703 333 2797 Ῥωμαίων
348 2706 488 2795 νεκροός
501 2711 556 2779 καί
570 2714 690 2797 μικροῦ
709 2712 851 2796 ἐδέησαν
869 2711 905 2779 ἐν
922 2704 1081 2799 ἀλλοτρίᾳ
1099 2713 1145 2798 γῇ

4 2802 5 2807 ¹
167 2811 438 2899 καταληφθέντες
461 2808 603 2899 τρόπαια
624 2814 693 2880 τῶν
713 2809 883 2881 ἐλθόντων
901 2812 957 2879 ἐπὶ
973 2810 1063 2897 σφάς,
1078 2804 1146 2878 αό-

167 2909 244 2994 τοός
270 2907 464 3000 ἀναστῆσαι.
510 2906 585 2981 ἀλλ’
605 2908 625 2981 ὅ
643 2940 680 3000 γε
697 2908 823 2989 ὕπατος
840 2910 951 2980 καλοί
966 2906 1031 2981 σάν
1047 2906 1145 3002 αὐτῷ

161 3011 331 3102 Ῥωμαίων
349 3016 461 3095 ίππείς
480 3015 661 3099 ἐπίλεκτοι,
684 3009 901 3102 ἀχαλινώτοις
920 3008 1144 3093 ἐπελάσαντες
1154 3045 1179 3091 11

167 3130 236 3196 τοῖς
254 3121 369 3196 ἵπποις
386 3110 469 3184 κατά
486 3110 523 3183 τό
541 3112 792 3202 καρτερώτατόν
814 3114 924 3185 τεκαὶ
942 3110 1062 3203 άριστα
1079 3142 1145 3202 μα-

116 3231 150 3280 ³0
167 3214 310 3306 χόμενον
329 3212 440 3285 αὐτοῖν
457 3218 568 3305 μέρος,
590 3220 755 3291 διασπῶσι
772 3214 835 3306 τὴν
851 3214 945 3297 τάξιν
957 3215 1018 3284 καὶ
1036 3241 1144 3284 κατα-

169 3316 330 3401 βάλλουσι
347 3316 502 3403 συχνούς.
531 3320 792 3405 διαφθαρέντων
811 3315 848 3385 δέ
865 3319 934 3385 τῶν
945 3312 1143 3406 προμάχων,

168 3416 224 3483 καὶ
234 3412 254 3501 ἡ
263 3410 360 3501 λοιπὴ
374 3414 515 3504 δύναμις
526 3413 755 3506 ἀποτραπεῖσα
767 3420 938 3489 ἐνέκλινεν
952 3422 1000 3497 είς
1007 3415 1141 3507 φυγήν,
1182 3416 1186 3426 “
