2384 3850
535 66 729 126 -6-

142 242 334 331 φθαρῆναι·
370 237 407 309 τό
438 234 647 329 κουφότερον
677 235 871 329 αἱρούμενοι
901 238 970 308 τόν
1000 241 1153 309 κακοῖν

143 349 297 430 έγνωσαν
313 338 415 430 ὁμόσε
432 355 555 432 χωρείν
572 353 642 422 τοίς
661 342 697 409 ἐκ
714 341 783 409 τῶν
795 346 965 427 πολεμίων
980 343 1143 420 δεινοῖς.

143 439 390 534 προαγαγόντες
416 441 453 511 δὲ
475 438 534 524 τάς
557 437 718 532 δυνάμεις
744 443 780 510 ἐκ
803 443 861 529 τῆς
884 438 1012 522 πόλεως
1035 444 1145 532 περὶ

143 545 246 634 μέσας
260 541 383 626 νύκτας
398 543 560 633 διέβησαν
571 541 634 613 τὸν
647 539 797 632 ποταμόν
810 544 865 613 ἐπὶ
877 548 1038 632 σχεδίαις,
1057 545 1142 612 καὶ

109 647 228 737 σπρὶν
251 640 380 737 ἡμέραν
404 644 560 736 λαμπρὰν
582 648 744 732 γενέσθαι
767 649 910 732 πλησίον
926 647 997 714 τῶν
1013 652 1141 714 πολε-

144 755 232 837 μίων
249 747 631 837 κατεστρατοπέδευσαν.
663 751 705 836 τῇ
723 741 759 816 δ’
780 748 860 835 ἑξῆς·
871 741 978 837 ἡμέρᾳ
992 754 1139 834 προελ-

144 846 264 931 θόντες
283 852 400 938 ἔταξαν
419 843 464 930 ιδς
483 855 530 931 είς
547 845 657 938 μάχην
673 845 733 918 τόν
749 845 902 938 στρατόν.
935 845 1003 936 εἶχε
1021 847 1059 916 δὲ
1076 843 1134 917 τὸ

144 951 206 1040 μέν
224 948 335 1033 δεξιόν
353 954 422 1020 τῶν
435 948 587 1038 κεράτων
599 945 808 1040 Οὐεργίνιος,
827 946 864 1019 τό
884 946 915 1019 δ’
938 946 1133 1037 εόυόνυμου

145 1056 351 1140 Σερουίλιος.
403 1049 531 1132 ἰδόντες
554 1047 588 1121 δ’
615 1046 738 1132 αότοός
761 1051 934 1141 εὐτρεπεῖς
959 1047 1059 1132 ὄντας
1082 1055 1135 1119 οἶ

96 1169 128 1217 10
151 1152 320 1274 Τυρρηνοὶ
338 1149 420 1241 πρός
438 1148 497 1223 τόν
515 1148 632 1275 άγιόνιι
649 1150 782 1276 σφόδρα
800 1149 1022 1243 ἐχάρησαν,ε
998 1179 1043 1232 ως
1063 1153 1127 1221 ἑνὶ

143 1255 193 1347 τῷ
207 1249 282 1322 τότε
299 1250 449 1348 κινδόνφ
468 1251 551 1323 κατά
568 1256 653 1325 νοόν
665 1252 854 1344 χωρησαντι
870 1252 934 1341 τὴν
944 1251 1127 1342 Ρωμαίων

145 1352 405 1440 καθελοῦντες’
388 1384 553 1480 αρχην,ε
538 1352 701 1436 είδότες”
681 1384 732 1426 οτι
750 1359 819 1425 πᾶν
841 1352 923 1425 ὅσον
939 1344 983 1442 ἦν
1000 1351 1126 1444 κράτι-

145 1477 226 1528 στον
256 1455 492 1547 στρατιωτικὸν
523 1453 637 1528 αὐτῶν
668 1464 717 1539 είς
746 1455 806 1528 τὸν
835 1452 952 1545 άγῶυα
984 1460 1125 1526 ἐκεῖνον

41 1575 54 1596 “
147 1555 291 1650 ὥρμητο,
304 1587 360 1629 και
350 1553 423 1628 δι’
440 1562 574 1640 ἐλπίδος
589 1564 730 1649 ἔχοντες,
746 1548 820 1629 έν
795 1585 818 1649 η
832 1557 918 1628 πολι)
931 1554 969 1628 τό
982 1561 1121 1646 κοῦφον
1138 1578 1190 1628 18

95 1675 128 1726 15
147 1651 201 1748 ἦν,
220 1663 346 1752 ῥᾳδίως
359 1656 472 1731 νότων
483 1657 673 1751 κρατήσειν,
693 1658 808 1749 ἐπειδὴ
823 1656 886 1748 την
903 1657 986 1748 μετόι
999 1669 1122 1748 Μενη-

147 1768 223 1833 νίου
243 1758 389 1851 δύναμιν
408 1763 444 1832 έν
471 1767 673 1886 δυσχωρίαις
697 1764 974 1850 παραταξαμένην
997 1767 1123 1849 σφίσιν

147 1865 316 1953 ἐνίκησαν.
362 1865 544 1953 γενομένης
570 1860 603 1932 δ’
635 1866 772 1955 ίσχυράς
803 1864 860 1934 καὶ
890 1870 1120 1954 πολυχρονίου

146 1962 269 2093 μάχης,
287 1962 431 2046 πολλοός
448 1961 547 2052 μέν’
528 1974 785 2046 αποκτείναντες
799 1959 985 2055 Ρωμαίων,
1003 1970 1119 2057 πολλῷ

149 2060 182 2134 δ’
208 2072 256 2133 ἔτι
280 2070 437 2147 πλείονας
459 2071 528 2189 τρὸν
552 2069 735 2189 σφετέρων
749 2062 1009 2154 άποβαλόντες’
991 2065 1118 2155 ανεχιό-

96 2198 130 2248 20
149 2194 234 2256 ρουν
251 2162 363 2255 βάδην
386 2163 496 2238 ἐπὶ
462 2195 521 2238 τον
543 2165 682 2259 χάρακα.
718 2159 873 2257 ὁμέν
834 2196 897 2239 ουν
917 2163 1118 2259 Οὐεργίνιος

145 2264 182 2338 τό
202 2266 311 2351 δεξιὸν
328 2269 427 2360 κέρας
441 2274 525 2359 ἔχων
538 2266 602 2340 οὐκ
615 2278 668 2339 εία
682 2265 819 2340 διάκειν
830 2268 908 2350 τούς
922 2272 1116 2360 σφετέρους,

146 2364 223 2439 ἀλλ’
249 2372 303 2440 ἐπὶ
320 2373 368 2464 τῷ
384 2368 619 2462 κατορθώματι
636 2373 765 2460 μένειν·
789 2369 808 2441 ὁ
828 2371 866 2441 δὲ
884 2378 1081 2461 Σερουίλιος
1098 2365 1116 2441 ό

122 2486 124 2494 “
145 2472 342 2561 τεταγμένος
361 2474 416 2543 ἐπὶ
433 2474 580 2565 θατέρου
594 2474 700 2563 κέρως
714 2475 832 2543 ἐδίωκε
845 2472 924 2554 τούς
937 2468 1018 2543 καθ’
1039 2475 1117 2543 ἑαυ-

145 2571 204 2643 τόν
224 2571 385 2663 ἑπόμενος
408 2570 485 2663 όίχρι
508 2577 643 2645 πολλου.
681 2568 775 2657 ιδςδ
798 2578 922 2656 ἐντοῖς
939 2572 1116 2665 μετεάροις
1170 2608 1178 2619 ·

94 2706 128 2755 25
148 2669 327 2762 έγένετο,“
307 2679 577 2785 υποστρίψαντες
594 2680 629 2745 σί
649 2681 828 2767 Τυρρηνοί,
847 2678 962 2745 καὶ
917 2705 985 2747 των
1002 2679 1039 2745 έκ
1056 2680 1118 2745 τοῦ

145 2771 290 2898 χάρακος
309 2752 626 2865 ἐπιβοηθησάντων,
655 2780 846 2849 ἐνσείουσιν
868 2775 1005 2859 αὐτοῖς
1029 2805 1061 2847 οι
1054 2775 1112 2847 δ

145 2872 261 2971 ὀλίγον
284 2874 359 2946 τινδι
385 2874 560 2967 δεξάμενοι
589 2876 713 2967 χρόνον
736 2876 986 2967 ἐγκλίνουσι
949 2907 990 2949 τα
1013 2882 1114 2967 νῶτα,

145 2979 202 3047 καὶ
220 2976 305 3048 κατά
318 3005 378 3049 του
365 2976 498 3069 λόφου
514 2977 712 3069 διωκόμενοι
726 2978 893 3070 σποράδες
906 2978 1113 3051 ἀπώλλυντο.

145 3078 267 3167 μαθων
286 3080 323 3150 δὲ
340 3078 539 3169 Οὐεργίνιος
558 3084 595 3151 έν
612 3087 697 3163 οἵαις
713 3072 757 3171 ἦν
773 3078 887 3170 τόχαις
901 3079 922 3170 ἡ
935 3082 973 3151 τὸ
985 3077 1114 3172 άριστε·

93 3211 128 3260 30
147 3178 207 3270 ρὸν
225 3180 324 3269 κέρας
341 3184 525 3271 κατέχουσα
543 3180 692 3274 στρατιά,
710 3185 822 3253 πᾶσαν
835 3189 921 3273 ἔχων
933 3180 998 3271 την
1012 3181 1114 3253 δόνα-

145 3310 204 3370 μιν
222 3284 258 3351 έν
275 3279 364 3365 τάξει
381 3290 527 3371 πλαγίαν
545 3274 606 3373 ἦγε
625 3281 681 3354 διά
698 3288 759 3355 τοῦ
776 3281 876 3373 ὅρους
894 3281 985 3355 όδόν.
1020 3282 1113 3372 γενό-

145 3410 244 3471 μενος
263 3383 301 3453 δὲ
319 3382 403 3453 κατὰ
416 3382 526 3455 νότου
540 3388 608 3456 τοῖν
623 3382 815 3457 διωκόντων
828 3382 906 3467 τεός
920 3389 1113 3477 σφετέρους,
1124 3402 1190 3456 1815
