2384 3850
555 91 758 151 „0-

168 262 267 346 καλὸς
287 270 390 334 ίδείν
428 261 506 346 στάς
523 261 609 334 ὅθεν
625 258 750 333 άπασιν
769 269 907 352 ἔμελλεν
925 269 1064 333 ἔσεσθαι
1076 294 1141 354 φα-

167 362 276 454 νερός,
291 363 381 437 Ἐπεὶ
397 372 506 452 τοῦτο,
529 373 666 453 ἔφησεν,
686 357 713 434 ὦ
738 361 871 453 ὕπατοι,
897 369 1070 435 δεδοίκατε
1093 365 1142 455 μὴ

168 465 208 538 τά
231 475 311 557 ἔργα
334 462 430 557 ήμῶν
448 464 509 556 οὐχ
533 463 630 556 ὅμοια
657 467 794 555 γένηται
816 481 885 549 τοῖς
909 464 1037 554 λόγοις,
1074 465 1141 556 ἐγώ

168 572 298 662 πρῶτος
315 566 398 659 ὑμῖν
415 563 502 657 ὑπὲρ
522 571 667 658 ἐμαυτοῦ
684 567 722 638 τὸ
748 570 887 657 βέβαιον
911 570 970 657 τῆς
992 565 1142 659 ὑποσχέ-

134 692 150 741 5
168 693 252 754 σεως
271 674 307 741 ἐκ
325 675 383 760 τῆς
400 676 557 760 μεγίστης
575 679 718 750 πίστεως
735 672 932 760 παρέξομαι·
969 671 1026 739 καὶ
1043 664 1142 759 ὑμεῖς

168 777 217 862 δέ,
237 803 263 844 ιο
252 763 414 844 πολῖται
431 799 467 843 τε
485 774 599 841 καὶ
557 800 616 860 της
635 767 738 860 αὐτῆς
755 769 965 843 κοινωνοὶ’
923 798 1043 861 τνχης,
1066 771 1140 843 ὅσοι

169 873 371 964 διεγνώκατε
389 883 437 956 είς
457 875 530 946 ἶσον
547 878 753 999 κριταστήσαι
770 873 811 943 τά
829 879 910 962 ἔργα
928 891 996 953 τοῖς
1016 871 1139 962 λόγοις,

167 976 229 1047 οὐκ
247 971 289 1048 άν
303 972 522 1067 ἁμαρτάνοιτε
544 973 581 1046 τδ
601 973 682 1046 αὐτὸ
705 980 880 1058 ποιοῦντες
899 979 979 1065 ἐμοί
1039 975 1137 1046 Ταῦί

168 1074 273 1148 είπιον
290 1077 394 1146 καὶ
363 1107 399 1148 το
417 1073 550 1165 ξίφος’
530 1084 725 1166 ανατείνας,
744 1075 854 1166 ω”μοσε
877 1073 936 1147 τόν
937 1075 1141 1200 ἐπιγάριόν

118 1199 150 1249 10
167 1207 203 1249 τε
233 1176 403 1268 Ῥωμαίοις
450 1181 507 1249 καλ
546 1178 723 1270 κράτιστον
758 1207 877 1266 ορκον,
907 1174 969 1266 τήν
1001 1173 1140 1268 άγαθήο
1185 1226 1189 1239 ·

65 1343 68 1353 .
170 1283 292 1352 ἑαυτοῦ
309 1288 435 1369 πίστιν,
455 1279 592 1369 νικήσας
609 1279 688 1364 τοὺς
705 1288 884 1371 πολεμίους
902 1276 993 1369 ήξειν
1011 1287 1059 1361 είς
1077 1279 1140 1369 τήν

168 1381 283 1471 πόλιν,
315 1380 423 1464 άλλως
455 1384 492 1452 δέ
523 1381 573 1454 οὕ.
626 1385 747 1454 τοῦτον
770 1380 952 1472 ὀμόσαντος
969 1385 1029 1452 τοῦ
1048 1392 1140 1454 Φλα-

167 1491 306 1574 βοληίου
324 1482 383 1555 τόν
400 1482 518 1576 ὅρκον,
535 1483 646 1574 γιολάς
665 1488 698 1569 ἐξ
722 1480 882 1555 ἁπάντων
905 1490 1040 1565 ἔπαινος
1067 1487 1138 1574 ἐγέ·

167 1606 259 1658 νετο·
295 1589 351 1656 καὶ
375 1583 495 1657 αὐτίκα
526 1594 618 1658 οἵτε
641 1585 763 1658 ὕπατοι
786 1583 968 1676 ἀμφότεροι
991 1584 1028 1656 τὸ
1053 1585 1137 1657 αὐτό
1148 1596 1188 1646 176

117 1717 149 1766 15
169 1695 280 1778 ἔδρων
296 1692 353 1759 καὶ
370 1694 405 1759 οί
420 1689 477 1770 τάς
498 1687 653 1770 ἐλάττους
672 1697 802 1778 ἔχοντες
824 1694 1024 1776 στρατηγίας
1051 1697 1139 1777 χιλί-

168 1797 267 1881 αρχοί
298 1819 333 1860 τε
363 1793 420 1860 καὶ
453 1800 605 1881 λοχαγοί,
641 1793 829 1860 τελευτῶσα
863 1790 902 1859 δδ
936 1785 957 1878 ή
992 1789 1136 1878 πληθύς,

169 1896 240 1963 ἐπεὶ
267 1893 304 1963 δὲ
338 1889 421 1963 τοῦτ’
449 1896 597 1982 ἐγένετο,
634 1890 739 1981 πολλή
768 1892 830 1983 μὲν
853 1886 1002 1980 εόθνμία
1036 1896 1140 1964 πᾶσιν

168 1995 321 2080 ἐνέπεσε,
353 1993 458 2082 πολλή
478 1996 516 2065 δὲ
533 1994 671 2083 φιλότης
688 1990 858 2085 άλλήλων,
894 1992 1023 2085 θάρσος
1040 2023 1078 2065 τε
1095 1987 1139 2067 αὖ

168 2097 224 2164 καὶ
242 2095 355 2182 μένος·
388 2098 444 2165 καὶ
462 2091 668 2179 ἀπελθόντες
685 2099 722 2167 ἐκ
738 2101 796 2188 τῆς
811 2100 1002 2185 ἐκκλησίας,
1026 2102 1061 2167 οί
1076 2099 1139 2187 μὲν
1181 2101 1187 2118 ’

116 2224 150 2272 νο
168 2202 281 2278 ἵπποις
299 2193 454 2286 χαλινούς
474 2200 653 2288 ἐνέβαλον,
688 2202 724 2268 οί
757 2200 795 2269 δὲ
826 2201 908 2288 ξίφη
941 2200 998 2269 καὶ
1011 2197 1135 2288 λόγχας

168 2305 311 2387 ἔθηγον,
330 2303 365 2369 οί
376 2300 413 2371 δὲ
431 2298 470 2370 τά
488 2298 713 2392 σκεπαστήρια
730 2305 799 2372 τῶν
814 2296 929 2371 ὅπλων
946 2302 1137 2389 ἐξέματτον·

167 2404 223 2471 καὶ
241 2397 357 2488 ὀλίγου
375 2406 464 2473 πάσα
482 2394 525 2491 ἦν
549 2406 675 2491 ἕτοιμος
701 2410 748 2484 είς
771 2400 829 2473 τόν
852 2400 967 2491 άγιόνα
990 2400 1012 2490 ἡ
1037 2426 1139 2491 στρα-

166 2502 229 2573 τιά.
284 2509 319 2573 οί
334 2503 371 2573 δὲ
388 2501 510 2574 ὕπατοι
525 2502 604 2586 τούς
621 2504 724 2587 θεοὺς
743 2501 855 2594 εὐχαῖς
872 2533 909 2574 τε
926 2506 981 2573 καὶ
998 2513 1138 2587 θυσίαις

167 2610 224 2676 καὶ
241 2614 346 2687 λιταῖς
365 2605 640 2697 ἐπικαλεσάμενοι
657 2611 714 2696 τῆς
733 2604 851 2691 ἐξόδου
869 2614 966 2695 σφίσι
975 2609 1139 2694 γενέσθαι

116 2731 148 2779 25
169 2702 344 2793 ἡγεμόνας,
370 2710 487 2795 ἐξῆγον
512 2712 548 2777 ἐκ
574 2712 635 2778 τοῦ
659 2706 800 2798 χάρακος
826 2713 864 2779 ἐν
887 2704 978 2790 τάξει
1000 2712 1057 2779 καὶ
1081 2707 1138 2779 τό
1173 2700 1177 2707 “

168 2830 240 2901 σμητ
258 2804 316 2876 τὸν
334 2805 483 2896 στρατόν.
521 2811 630 2879 καλοί
652 2812 816 2900 Τυρρηνοὶ
826 2807 1000 2889 κατιόντας
1013 2806 1138 2890 αὐτοῦς

168 2913 204 2979 ἐκ
228 2911 296 2979 τάν
310 2907 485 2999 ἐρυμάτων
511 2908 655 2998 ίδόντες,
693 2902 892 3000 ἐθαύμασάν
915 2938 951 2981 τε
975 2914 1032 2980 καὶ
1054 2907 1135 2981 άντ-

168 3010 350 3101 επεξήεσαν
363 3008 476 3104 άπάση
494 3016 536 3104 τη
554 3010 704 3100 δυνάμει.

243 3112 297 3180 XI.
329 3111 385 3195 Ὡς
405 3115 444 3184 δὲ
462 3122 509 3196 είς
526 3112 563 3184 τό
581 3120 700 3185 πεδιόν
717 3112 899 3205 ἀμφότεροι
916 3115 1135 3203 κατέστησαν,

116 3237 148 3287 30
166 3216 222 3282 καὶ
253 3211 289 3283 τό
325 3213 505 3303 πολεμικὸν
540 3213 711 3305 ἐσήμηναν
741 3221 779 3285 αί
811 3213 1002 3305 σάλπιγγες,
1036 3223 1137 3287 ἔθεον

166 3311 388 3397 ἀλαλάξαντες
406 3313 520 3403 ὁμόσε·
573 3321 628 3386 καὶ
652 3317 879 3407 συμπεσόντες
903 3316 1059 3406 ἀλλήλοις
1084 3323 1135 3387 ίπ-
1184 3408 1186 3416 y

167 3432 240 3497 πεῖς
271 3442 306 3487 τε
338 3419 475 3487 ἱππεῦσι
505 3419 561 3487 καὶ
595 3422 685 3502 πεζοί
721 3428 829 3503 πεζοῖς
865 3418 1043 3510 ἐμάχοντο,
1079 3421 1136 3489 καὶ
1169 3440 1173 3450 “
