2384 3850
289 92 295 106 ,
432 108 638 166 -Η-

58 302 120 361 σεις
145 283 223 369 περὶ
255 282 325 348 σού.
370 283 461 359 τίνος
489 269 552 348 οὖν
575 276 670 368 ἡμεῖς
697 285 734 359 οί
762 285 929 369 πατρίκιοι
951 283 1020 351 τοῖν

58 378 314 471 συμβεβηκότων
333 400 385 449 σοι
403 383 518 450 κακῶν
535 380 721 470 γεγόναμεν
745 391 860 470 αῖτιοι,
888 385 944 452 καὶ
964 381 1021 452 διά

57 490 91 552 τί
106 492 261 572 πολεμεῖς
286 479 369 571 ἡμῖν
391 479 559 570 τοσαύτην
584 479 722 553 εύνοιαν
745 481 1019 573 ἀποδειξαμένοις
1069 535 1070 538 =
1102 495 1105 499 ’
1174 561 1175 570 ,

55 586 127 673 περὶ
149 584 186 653 σε
210 581 294 653 κατά
320 580 380 652 τόν
402 579 475 653 τότε
507 581 641 671 ἀμύνας
668 582 760 664 ,ἀλλά
785 581 853 673 μην
876 581 957 654 οὐδὲ
981 585 1017 654 τὸ
1174 583 1175 590 ¹

55 683 230 775 δημοτικόν
261 679 352 754 ἀπαν
375 687 578 772 ἑξελαθηναί
593 675 632 755 σε
649 683 859 775 βουλόμενον
877 683 1017 774 εὑρέθη·
1036 709 1052 758 5

56 789 129 857 δυσὶ
145 789 230 875 γοῦν
247 784 373 875 ψήφοις
393 783 497 866 ἑάλως
517 781 655 875 μόναις,
683 783 768 858 ὥστε
791 784 872 858 οὐδὲ
889 781 1018 868 τούτοις

54 882 94 957 ἀν
110 899 178 976 εἴης
197 885 263 958 σύν
281 893 358 977 δίκη
376 888 542 976 πολέμιος,
560 892 595 956 οἵ
608 883 704 969 σεάς
718 883 822 958 ου’δὲν
835 885 1020 958 ἀδικοῦντα

37 985 230 1060 ἀπέλυσαν.
271 990 464 1078 τίδημιῖδί,
484 995 516 1058 εί
527 987 660 1077 βούλει,
685 993 767 1060 πάσι
791 991 852 1079 μὲν
869 980 1019 1079 τοῖςδη-

54 1089 162 1178 μόταις
185 1088 304 1180 δόξαν,
330 1087 392 1180 όλη
418 1090 454 1159 δὲ
476 1094 517 1179 τῇ
547 1093 657 1182 βουλᾷ
679 1092 787 1178 φανὲν
809 1088 914 1183 ταύτη
937 1091 1019 1183 χρή-

54 1200 179 1263 σασθαί
198 1213 237 1262 σε
260 1195 302 1282 τᾷ
323 1194 497 1284 συμφορᾷ,
529 1193 586 1261 καὶ
614 1197 745 1274 δίκαιον
775 1192 865 1264 εἶναί
882 1215 955 1284 1σου
978 1190 1016 1263 τό
1037 1217 1069 1265 10
1174 1285 1175 1292 ¹

53 1294 130 1383 πρὸς
152 1290 304 1375 ἅπαντας
327 1289 414 1382 ἡμᾶς
431 1307 544 1382 μῖσος·
572 1289 645 1363 ἀλλ’
668 1299 706 1364 αἱ
726 1296 882 1382 γυναῖκές
907 1315 963 1384 σε,
990 1286 1017 1364 ὦ

56 1393 201 1485 Μάρκιε,
231 1404 267 1465 τί
289 1393 403 1464 δεινὸν
429 1392 626 1484 εἰργάσαντο
654 1391 736 1466 ἀνθ’
759 1393 838 1466 ὅτου
862 1403 1018 1484 πολεμεῖς

56 1493 182 1582 αύταῖς;
215 1501 317 1567 ποίαν
342 1498 561 1584 ἐπενέγκασαι
595 1499 673 1586 περὶ
703 1503 813 1584 φυγῆς
843 1499 959 1584 ψῆφον
995 1493 1018 1583 ἢ

56 1601 316 1679 τίναςείποῦσαι
338 1593 421 1667 κατά
444 1600 508 1667 σού
530 1593 697 1688 πονηρούς
716 1595 852 1684 λόγουςς
878 1603 914 1664 τί
930 1597 967 1665 δὲ
984 1602 1020 1666 σί

57 1705 166 1782 παῖδες
184 1698 289 1788 ἡμῶν,
299 1697 482 1789 δράσαντες
498 1695 521 1787 ἢ
539 1700 776 1788 διανοηθέντες
793 1693 925 1767 ἀδικεῖν
939 1699 1016 1789 περὶ
1036 1721 1069 1770 15
1174 1737 1175 1760 1

57 1821 110 1871 σου
98 1796 424 1872 ’κινδυνεύουσιν
405 1801 490 1892 υπερ
504 1805 729 1890 αἰχμαλωσίας
742 1802 879 1870 καὶτῶν
892 1795 1015 1922 ἀλλων,

54 1897 74 1969 ἀ
100 1915 227 1975 παθεῖν
252 1899 374 1984 αύτούς
405 1898 493 1983 είκάς
526 1899 632 1973 ἐάν’
614 1931 636 1990 η
672 1900 766 1983 πόλις
789 1899 876 1995 ἀλῷ;
912 1895 953 1971 ού
977 1899 1018 1971 τά

19 2009 163 2076 555δίκαια
183 2009 330 2098 διαιτᾷς,
354 2033 380 2073 ω
368 1993 553 2094 Μάρκιε,
578 2007 691 2074 καὶί
660 2012 691 2076 εἰ
712 2008 831 2076 τούτου
853 2014 917 2073 οίει
942 2009 1017 2075 δεῖν

58 2105 107 2206 τόν
121 2104 248 2195 τρόπον
264 2106 305 2175 τά
322 2104 461 2177 ὑπαίτια
478 2108 535 2175 καὶ
553 2104 658 2195 ἐχθρά
675 2123 804 2207 μισεῖν,
831 2103 915 2176 ὥστε
932 2105 1017 2194 μηδε

58 2211 116 2278 τόν
127 2208 302 2280 ἀναιτίων
329 2214 510 2296 φείδεσθαι
538 2210 604 2277 καὶ
624 2214 763 2296 φιλίων,
795 2204 859 2276 ούκ
888 2204 953 2296 ἀρα
976 2204 1017 2275 τά
1034 2230 1068 2278 20

59 2309 261 2399 προσήκοντα
273 2308 372 2398 ἀνδρὶ
384 2306 503 2402 ἀγαθᾷ
513 2324 659 2430 φρονεῖς
681 2314 738 2377 ἵνα
750 2305 843 2376 δὲ’
797 2310 1017 2376 πανταταύτα

59 2405 141 2501 ἆφῶ,
160 2405 231 2482 τί”
211 2441 254 2481 αν
272 2419 358 2501 ἔχοις
378 2417 503 2497 εἰπεῖν,
522 2399 550 2477 ἀ
567 2408 649 2497 πρὸς
667 2406 769 2497 Διός,
796 2416 829 2476 εῖ
841 2435 890 2488 τις
909 2395 1016 2495 ἔροιτό

60 2532 106 2600 σε,
135 2513 213 2595 τοὺς
242 2512 280 2582 δε
304 2511 346 2599 δη
374 2511 501 2635 τάφους
530 2513 600 2581 τοῖν
628 2508 804 2633 προγόνφν
832 2514 867 2578 τί
893 2497 1017 2583 παδάν

59 2608 110 2680 ὑπ’
140 2610 254 2685 αύτῶν
277 2612 498 2693 ἀνασκάπτεις
534 2614 590 2682 καὶ
632 2609 727 2701 τιμάς
757 2608 796 2693 ἀς
827 2617 1016 2699 κομίζονται

60 2714 139 2801 παρά
162 2713 356 2801 ἀνθρώπων
374 2715 518 2804 ἀφαιρῇ;
549 2715 705 2784 θεῶνδδ
728 2708 861 2803 βωμούς
885 2715 941 2782 καὶ
965 2740 1015 2783 τε·
1034 2734 1067 2785 25
1174 2766 1175 2769 ,

60 2818 133 2905 μεύη
149 2820 207 2886 καὶ
224 2814 308 2898 νεύς
331 2824 423 2897 τίνος
435 2812 641 2906 ,ἀδικήματος
660 2814 745 2907 ὀργᾷ
761 2820 865 2907 συλᾷς
883 2818 940 2884 καὶ
958 2843 1016 2884 κα·

60 2925 195 2999 ιακαίεις
212 2920 270 2987 καὶ
287 2914 484 3007 ἀνατρέπεις
507 2921 564 2988 καὶ
582 2923 761 3006 σεβασμῶν
784 2912 846 2985 ούκ
865 2919 921 3037 ἐᾷς
938 2928 1035 3001 τυμ-’

62 3015 165 3104 χάνειν
181 3022 250 3090 τεόν
268 3026 478 3114 νομίμωνςτ
459 3025 495 3088 τί
515 3016 598 3110 πρός
620 3022 728 3087 ταῦτα
746 3025 847 3105 φαίης
865 3012 925 3100 ἀν;
952 3014 1015 3101 ἐγὼ

62 3118 114 3202 μεν
130 3120 193 3243 μᾷρ
210 3118 346 3192 οὐδὲν
330 3124 406 3211 οραῖ.
434 3118 544 3189 ταύτά
562 3142 616 3190 σοι
630 3126 715 3206 περί
729 3145 765 3189 τε
783 3116 878 3206 ημῶν
892 3111 1060 3203 αύτων,

64 3207 85 3284 ὦ
105 3221 253 3312 Μάρκιε,
284 3228 352 3293 τῶν
382 3226 418 3292 ἐκ
446 3224 506 3292 τού
529 3227 712 3308 συνεδρίου
748 3222 803 3290 καὶ
833 3221 910 3306 περὶ
947 3222 1016 3286 τῶν
1034 3240 1067 3288 30

63 3314 163 3391 ἀλλων
180 3329 340 3412 πολιτῶν,
360 3320 419 3405 οάς
437 3320 597 3393 ἀπολέσαι
616 3329 792 3450 προθυμῇ
795 3318 900 3390 κακόν
913 3316 1017 3387 ούδδν

63 3412 112 3488 ὑπ’
142 3422 254 3498 αύτῶν
287 3423 484 3514 πεπονθώς,
521 3422 639 3513 τάφων
675 3450 711 3493 τε
740 3424 795 3491 καί
828 3423 929 3507 ίερῶν
959 3419 1016 3486 καὶ

107 3568 181 3607 mon.
193 3572 239 3608 111
843 3528 864 3590 9
