2384 3850
567 122 852 181 -Θ-,

181 297 237 365 καὶ
263 297 300 366 έν
324 297 435 365 ἐλπίδι
460 285 547 383 ἦσαν
570 297 631 364 τού
654 291 834 364 καταλύειν
850 290 946 383 ἡμῶν
963 292 1026 383 τὴν
1041 291 1175 386 ἀρχὴν

182 401 220 468 έν
236 395 337 486 τάχει.
374 393 467 486 λιμὸς
486 397 524 465 δέ
541 394 647 477 πολύς
663 385 707 484 ἦν
725 399 762 466 έν
785 399 825 486 τῇ
843 393 939 466 πόλει
955 399 1012 466 καὶ
1035 397 1173 479 στάσις

181 501 313 568 καὶτοῦ
329 503 366 569 τί
379 495 441 590 χρη
459 495 618 587 πράττειν
634 495 811 587 ἀμηχανία.
836 495 998 578 τοιούτοις
1016 497 1058 587 δὴ
1077 529 1172 570 και-

183 617 254 690 ροῖς
275 599 407 680 ἐπιστάς
424 596 530 681 οὕτως
553 598 762 692 ταραχώδεσι
785 601 841 669 καὶ
863 606 1040 689 φοβεροῖς,
1073 601 1172 684 τούς

148 703 244 793 εμὲν
269 709 448 791 πολεμίους
473 699 541 793 ἅμα
562 706 609 795 τῷ
633 699 834 791 συνάρχοντι
864 704 1002 790 ἐνίκησα
1026 708 1171 785 διτταῖς

181 801 299 894 μάχαις
313 806 369 873 καλ
383 800 555 892 ἠνάγκασα
570 802 812 884 καταλιπόντας
825 802 862 872 τὸ
874 802 1039 895 φρούριον
1050 801 1170 874 ἀπελ-

180 918 274 977 θεῖν’
310 903 368 976 τὸν
394 905 432 975 δὲ
455 903 553 996 λιμὸν
575 904 639 976 οὐκ
663 912 710 988 είς
727 901 859 995 μακράν
877 911 1008 975 ἔπαυσα
1024 910 1169 995 τροφῆς

181 1005 340 1095 ἀφθόνου
358 1006 535 1098 πληρώσας
554 1007 612 1088 τάς
630 1003 770 1096 ἀγοράς,
795 1008 937 1087 καὶτοῖς
955 1003 1027 1096 μετ’
1047 1005 1168 1078 αύτὸν

180 1106 318 1188 ὑπάτοις
342 1107 404 1196 τήν
427 1136 463 1178 τε
492 1107 606 1200 χώραν
634 1111 814 1195 παρέδωκα
844 1105 958 1178 ὅπλων
981 1117 1169 1197 πολεμίων

132 1229 163 1278 10
182 1211 384 1300 ἐλευθέραν,
413 1211 469 1280 καλ
486 1207 548 1298 την
565 1209 666 1282 πόλιν
682 1206 763 1298 ύγιῆ
779 1208 888 1299 πάσης
904 1207 1008 1280 νύσου
1024 1219 1168 1282 πολιτι-

181 1316 252 1400 κῆς,
273 1317 320 1392 είς
338 1306 377 1392 ἀς
395 1313 579 1400 κατέβαλον
603 1310 710 1401 αὐτὴν
727 1318 762 1382 οἱ
784 1315 1071 1400 δημαγωγοῦντες.
1102 1323 1168 1383 τί-

181 1442 238 1495 νος
263 1403 326 1483 ούν
350 1409 552 1503 ἀδικήματος
574 1409 773 1514 ὑπεύθυνός
798 1421 865 1503 είμι
882 1409 980 1503 ύμῖν;
1005 1422 1036 1484 εί
1051 1412 1098 1504 μὴ
1119 1415 1165 1485 τὸ

181 1519 281 1586 νικάν
298 1514 375 1596 τούς
393 1524 572 1607 πολεμίους
592 1518 684 1587 ἐστὶν
700 1514 787 1605 ύμάς
800 1512 940 1585 ἀδικεῖν.
968 1522 1000 1584 εί
1017 1514 1048 1585 δ’
1070 1514 1164 1588 ἀπο·

180 1629 304 1688 θανεῖν
317 1640 383 1687 τισι
396 1622 465 1688 τών
478 1622 692 1707 στρατιωτῶν
704 1616 788 1688 κατά
799 1614 862 1706 τὴν
874 1615 984 1706 μάχην
998 1614 1164 1706 εύννχώς

135 1736 165 1784 15
184 1717 438 1808 ἀγωνιζομένοις
462 1724 643 1807 συνέπεσε,
678 1728 713 1790 τί
735 1727 931 1809 Σερουίλιος
961 1716 1021 1790 τὸν
1043 1722 1163 1809 δημον

180 1818 308 1905 ἀδικεῖ;
328 1817 367 1890 ού
385 1821 449 1910 γάρ
468 1819 510 1912 δη
527 1827 621 1892 θεάν
634 1850 684 1902 τις
698 1820 859 1911 ἐγγυητὴς
874 1837 942 1902 τοῖς
955 1839 1161 1910 στρατηγοῖς

179 1927 238 2011 της
256 1921 415 1993 ἀπάντων
433 1929 541 2012 ψυχῆς
555 1929 625 1994 τῶν
637 1921 900 2013 ἀγωνιουμένων
913 1931 1053 2012 γίνεται,
1072 1921 1158 1994 οὐδ’

105 2044 111 2065 *
181 2026 235 2093 ἐπὶ
256 2028 476 2111 διακειμένοις
494 2028 551 2094 καλ
569 2030 682 2114 ῥητοῖς
700 2023 763 2106 τάς·
777 2024 957 2115 ἡγεμονίας
975 2034 1161 2123 παραλαμ-

180 2122 340 2213 βάνομεν,
359 2123 444 2195 ὥσθ’
465 2120 626 2196 ἀπάντων
642 2131 804 2216 κρατῆσαι
821 2131 890 2199 τών
906 2136 1076 2216 πολεμίων
1094 2132 1156 2198 καὶ

129 2244 162 2293 20
179 2229 308 2316 μηδένα
325 2230 393 2298 τῶν
407 2233 504 2298 ίδίων
518 2226 712 2317 ἀποβαλεῖν.
738 2238 788 2312 τίς
800 2227 865 2319 γάρ
878 2226 922 2299 ἀν
933 2227 1181 2319 ὑπομείνειεν]

178 2327 361 2420 άνθρωπος
379 2326 427 2400 ών
450 2325 582 2401 ἅπαντα
600 2334 656 2401 καλ
674 2329 714 2401 τά
730 2335 789 2419 τῆς
807 2330 941 2420 γνώμης
958 2334 1015 2401 καὶ
1032 2329 1073 2401 τά
1090 2338 1156 2421 τῆς

178 2429 279 2522 τύχης
303 2437 349 2513 είς
373 2431 496 2503 ἑαυτὸν
516 2430 717 2519 άναλαβεῑν;
748 2431 833 2502 ἀλλά
855 2430 895 2502 τά
917 2430 1045 2522 μεγάλα
1068 2439 1157 2524 ἔργα

179 2531 334 2623 μεγάλων
350 2529 403 2603 ἀεὶ
421 2531 593 2606 κινδύνων
611 2530 802 2625 ώνούμεθα.

255 2634 361 2705 XXX.
412 2639 478 2705 Καὶ
508 2637 570 2707 οὐκ
601 2638 673 2727 ἐμοὶ
698 2641 803 2707 ταῦτα
826 2635 947 2729 πρώτςο
978 2643 1153 2726 πολεμίοις

33 2776 44 2787 2
128 2752 161 2800 25
181 2734 283 2825 ὁμόσε
302 2733 490 2827 χωρήσαντι
508 2741 636 2827 συνέβη
653 2750 790 2828 παθεῖν,
810 2737 914 2809 άπασι
932 2734 964 2808 δ’
981 2737 1026 2820 ὡς
1040 2745 1154 2809 εἰπεῖν

179 2832 252 2908 ὅσοι
269 2835 375 2927 μάχας
399 2842 796 2930 παρακεκινδυνευμένας
819 2838 884 2911 σύν
909 2838 1060 2910 ἐλάττοσι
1076 2855 1152 2921 ταῖς

180 2944 355 3030 σφετέραις
380 2938 543 3029 δυνάμεσι
568 2938 651 3029 πρὸς
673 2950 826 3031 μείζονας
847 2940 906 3023 τάς
928 2947 997 3012 τών
1014 2945 1152 3031 ἐχθρῶν

180 3040 387 3130 ἐποιήσαντο.
441 3045 583 3126 ἐδίωξαν
613 3040 677 3133 γάρ
699 3041 765 3132 ἤδη
788 3044 876 3124 τινὲς
900 3041 1061 3134 ἐχθρούς,
1092 3047 1151 3113 καὶ

179 3140 275 3213 αὐτοὶ
293 3151 435 3233 ἔφυγον·
454 3147 509 3215 καὶ
528 3140 727 3215 ἀπέκτεινάν
744 3173 781 3215 τε
798 3150 866 3215 τών
884 3149 1049 3216 ἐναντίων
1066 3154 1151 3215 πολ-

128 3259 161 3311 30
179 3241 276 3333 λούς,
300 3248 356 3315 καὶ
373 3241 552 3317 ἀπώλεσαν
575 3254 624 3317 ἔτι
647 3252 783 3328 πλείους
800 3251 867 3319 τών
885 3250 1066 3336 σφετέρων.
1103 3250 1151 3316 ini

179 3344 243 3436 γὰρ
251 3348 373 3435 λέγειν,
386 3342 438 3416 ὅτι
451 3351 567 3418 πολλοὶ
580 3352 636 3418 καὶ
648 3348 685 3419 τὸ
697 3346 858 3438 παράπαν
870 3345 1069 3439 ἡττηθέντες
1080 3346 1150 3419 σύν

146 3499 149 3504 -
180 3447 324 3541 αἰσχύνη
342 3450 446 3518 τεκαὶ
463 3447 574 3539 βλάβη
585 3448 715 3542 μεγάλη
727 3448 949 3543 ἀνέστρεψαν,
968 3440 1017 3521 ών
1034 3447 1148 3532 οὐδεὶς
