2384 3850
533 69 736 129 -Θ-

143 239 315 331 ἐπιτήδεια
338 242 650 333 παρεσκευασμένος
674 237 836 324 δάπατος
878 243 933 312 έπὶ
960 241 1024 330 την
1043 237 1123 313 Ἀν-

139 347 263 415 τιατάν
287 340 386 414 πόλιν
414 337 455 414 οὐ
478 349 582 414 πλείω
613 337 805 432 ἀπέχουσαν
833 341 1013 432 τριάκοντα
1040 365 1122 414 στα-

141 450 227 516 δίων
253 434 314 534 ἦγε
330 444 394 532 τὴν
411 441 567 533 δύναμιν.
613 449 733 534 ἔτυχον
764 445 802 514 δὲ
836 447 989 534 φυλακῆς
1019 447 1123 516 ἕνεκα

141 562 213 627 τοῖς
239 543 424 627 Ἀντιάταις
459 549 618 616 Αίκανων
645 573 734 628 τινες
759 549 932 639 ἐπίκουροι
956 543 1122 636 παρόντες

109 648 200 724 ικαὶ
217 646 441 736 φυλάττοντες
455 647 496 718 τά
512 653 620 737 τείχη
647 653 683 718 οἳ
696 644 770 718 τότε
788 653 960 729 δείσαντες
982 645 1021 717 τὸ
1039 646 1122 719 Ῥω·
1167 670 1169 729 λ

142 755 253 840 μαίων
276 748 441 840 τολμηρόν
461 749 612 839 δρασμὸν
636 751 674 819 έκ
694 753 753 838 τῆς
770 745 899 830 πόλεως
923 752 1122 838 ἐπεγείρων
1169 764 1170 839 λ

143 860 325 921 ποιεῖσθαι.
367 852 548 941 γενομένης
577 850 616 920 δέ
643 866 713 934 τοῖς
738 848 922 932 Ἀντιάταις
948 847 1120 939 γνάσεως,
1169 856 1171 933 λ

144 949 351 1040 κωλυόμενοι
375 952 458 1044 πρὸς
482 948 595 1023 αὐτόν
619 949 755 1022 τἰπιέναι
782 948 921 1041 γνάμην
944 955 1122 1022 ἐποιοῦντο
1171 953 1172 1028 λ

144 1054 358 1142 παραδοῦναι
372 1047 544 1142 Ῥωμαίοις
563 1055 694 1124 έπιοῦσι
710 1052 773 1144 την
790 1050 898 1124 πόλιν.
943 1057 1044 1124 τοῦτο
1061 1081 1122 1142 μα·
1171 1044 1173 1115 ί

95 1177 128 1228 10
145 1152 265 1234 θόντες
284 1155 321 1223 έκ
338 1151 512 1242 μηνύσεως
525 1158 560 1224 οί
573 1149 738 1225 Ἀντιάται
751 1159 797 1248 τῷ
809 1183 846 1224 τε
859 1158 966 1249 καιρρῖ
979 1163 1121 1240 είκουσι,
1173 1140 1174 1191 ¹

144 1255 202 1325 καὶ
225 1257 324 1343 κοινῄ
348 1252 419 1344 μετ’
447 1259 587 1326 ἐκείνων
609 1252 874 1346 βουλευσάμενοι
897 1252 1123 1346 παραδιδόασι

144 1362 192 1450 τῷ
219 1363 365 1450 Κοιντίῳ
395 1353 458 1447 τὴν
488 1354 600 1445 πόλιν,
634 1354 689 1447 ἐφ’
716 1346 933 1451 ᾦΑίκανοδς
957 1358 1019 1446 μὲν
1036 1353 1124 1426 δπο-
1175 1370 1177 1454 ἠ

144 1454 315 1540 σπόνδονς
339 1455 520 1546 άπελθελν,
547 1455 719 1541 Ἀντιάτας
738 1459 775 1528 δέ
788 1456 943 1548 φρουράν
960 1461 1125 1540 δέξασθαι
1177 1516 1178 1545 ,

146 1562 203 1630 καὶ
220 1556 260 1628 τά
278 1557 482 1682 κελευόμενα
499 1554 566 1630 δπδ
579 1554 749 1649 Ῥωμαίων
766 1574 885 1630 ποιείν.
921 1561 976 1630 έπί
992 1557 1124 1641 τούτοις
1178 1612 1179 1629 .

96 1682 129 1732 15
147 1658 262 1747 κάριος
286 1658 465 1751 γενόμενος
488 1662 546 1749 τη”ς
570 1658 736 1743 πόλεως“
721 1690 740 1731 ο
762 1687 905 1748 υπατος,
929 1662 985 1730 καὶ
1008 1658 1125 1747 λαβὼν

146 1757 279 1886 δηάνιά
295 1789 332 1832 τε
349 1763 406 1832 καί
422 1753 563 1832 τᾶλλα”
543 1783 635 1832 οσων
652 1767 721 1833 έδει
738 1768 780 1852 τῇ
794 1785 931 1853 στρατια
917 1763 1001 1831 καί
1014 1789 1121 1883 φρου
1132 1777 1182 1829 19ολ

147 1891 213 1954 ραν
237 1859 544 1953 έγκατασιήσας,’
526 1869 635 1985 απηγε
664 1892 727 1954 την
758 1861 921 1953 δύναμιν
961 1859 1126 1934 άνθων

147 1960 252 2033 αὐτόν
277 1962 299 2051 ἡ
322 1960 472 2053 βουλὴ“
451 1962 638 2053 υπαντήσει
659 1992 696 2035 τε
719 1962 953 2059 φιλανθράπφ
978 1967 1125 2054 ἐδέξατο,

146 2092 203 2135 και
191 2060 392 2154 θριάμβου
410 2091 525 2156 πομπη
509 2069 595 2135 έτί
580 2072 707 2156 ίμησεν.

93 2188 129 2239 20
223 2164 351 2235 LVllll.
377 2161 432 2238 Ἐν
454 2168 492 2237 δέ
514 2194 561 2261 τφ
584 2165 667 2256 μετά
683 2164 822 2249 τοότονς
839 2164 947 2238 έτει”
923 2193 1047 2237 νπατοι
1063 2168 1127 2257 μὲν

146 2260 235 2357 ἦσαν
255 2271 406 2397 Τιβέριος
424 2276 508 2359 Αίμί
508 2278 577 2351 λιος
594 2296 632 2339 το
621 2265 806 2359 δεύτερον
822 2270 879 2339 καί
896 2265 1038 2351 Κόιντος
1056 2266 1126 2339 Φά-
1176 2329 1183 2351 ,

147 2372 276 2459 βιος,
259 2368 334 2453 ενδς
352 2373 420 2441 τάν
437 2372 540 2461 τριάν
556 2368 716 2459 ἀδελφῶν
731 2366 805 2451 νίδς
818 2398 888 2441 των
898 2364 1127 2460 ἡγησαμένων

146 2498 184 2542 τε
213 2478 274 2558 τῆς
304 2469 545 2559 ἀποσταλείσης
575 2473 728 2563 φρουρᾶς
759 2478 807 2553 είς
839 2474 1037 2562 Κρεμέραν,
1069 2473 1127 2541 καὶ

149 2574 412 2662 διαφθαρέντων
430 2575 500 2643 έκελ
517 2570 584 2643 σὺν
600 2588 670 2656 τοῖς
687 2570 853 2654 πελάταις.
898 2567 920 2660 ἡ
948 2573 985 2642 δὲ
1003 2569 1126 2661 βουλή,

97 2694 132 2743 25
149 2676 218 2743 τάν
243 2672 423 2763 δημάρχων
446 2668 701 2745 άνακινοάντων
722 2672 825 2744 πάλιν
847 2670 885 2745 τό
913 2678 1045 2761 πλῆθος
1071 2675 1127 2742 ἐπὶ

147 2776 191 2864 τῇ
217 2778 416 2866 κληρουχίᾳ,
448 2774 504 2843 καὶ
530 2777 843 2864 συναγωνιζομένου
876 2777 1026 2864 θατέρου
1056 2778 1127 2844 τῶν

147 2872 287 2947 ὑπάτων
306 2870 421 2958 αὐτοῖς
432 2881 604 2966 Αίμιλίου,
620 2874 727 2966 δόγμα
741 2872 945 2967 έπεκάρωσε,
958 2877 1126 2965 θεραπεῦ-

35 2970 42 2978 f
149 2983 210 3047 σαί
225 3006 260 3047 τε
277 2978 333 3047 καὶ
352 2974 536 3065 ἀναλαβεῖν
558 2976 637 3059 τούς
654 2980 798 3067 πένητας
816 2978 1024 3067 βουλομένη,
1051 2981 1127 3047 δια-

152 3092 266 3167 νείμαι
289 3076 364 3149 τινὰ
388 3095 510 3168 μοῖραν
529 3073 643 3161 αὐτοῖς
667 3082 704 3149 έκ
727 3082 786 3166 τῆς
805 3076 987 3151 Ἀντιατῶν
1003 3075 1127 3169 χώρας,

98 3198 133 3247 ευ
148 3172 194 3265 ἣν
223 3182 269 3271 τῷ
300 3180 450 3270 προτέρφ
481 3185 547 3249 έτει
571 3178 687 3272 δόρατι
716 3179 848 3262 ἑλόντες
871 3181 1040 3270 κατέσχον.
1069 3182 1127 3250 καὶ

150 3274 403 3367 ἀπεδείχθησαν
420 3277 580 3367 ἡγεμόνες
603 3283 662 3369 τῆς
686 3287 886 3371 κληρουχίας
910 3286 1005 3362 Τίτος
1022 3288 1128 3351 Κοίν-

149 3406 219 3460 τιος
251 3387 502 3468 Καπιτωλῖνος,
544 3371 571 3473 ᾧ
606 3382 800 3472 παρέδοσαν
837 3380 1005 3480 Ἀντιάται
1037 3383 1128 3471 σφᾶς
