2384 3850
146 81 211 149 300
528 81 732 143 -ε-

148 258 287 348 κληθείς
300 253 443 338 Λεύκιος
462 260 616 344 Αίμίλιος
638 255 788 344 θατέρου
810 255 881 324 τῶν
896 250 1040 324 ὑπάτων
1058 280 1122 324 πα·

81 365 83 370 ’
147 357 224 450 τήρ·
250 354 287 442 ός
311 364 377 450 ἔφη
401 362 516 430 δοκείν
534 353 627 449 αὐτῷ
643 357 700 424 καί
718 360 849 426 δίκαιον
866 356 923 426 καὶ
942 356 1123 445 συμφέρον

148 469 286 533 ἔσεσθαι
304 459 346 550 τή
358 456 464 546 πόλει,
481 453 621 529 πάντων
639 455 725 527 εἶναι
742 455 783 528 τὰ
800 455 897 527 κοινὰ
914 458 971 528 καὶ
985 454 1033 546 μή
1046 454 1122 528 ‹315-
1180 472 1181 481 ’

147 581 233 652 γων·
252 565 298 658 τῷ
311 589 348 633 τε
365 559 460 654 δήμφ
478 564 634 632 πείθοντι
650 553 838 650 ὑπουργεῖν
854 557 1120 648 συνεβούλευεν,

113 669 204 738 ε’ένα
221 661 316 755 χάρις
333 657 354 752 ή
372 657 608 753 παραχώρησις
625 657 738 732 αὐτοῖν
754 663 900 750 γένηται.
927 657 1037 730 πολλά
1055 660 1120 750 γὰρ
1181 738 1182 741 ¹

148 768 204 837 καὶ
233 763 318 836 ἀλλα
348 762 394 854 μή
428 761 547 845 δόντας
582 756 674 856 αὐτῷ
704 759 789 832 κατά
817 767 1026 854 προαίρεσιν,
1055 757 1116 832 ὑπ’
1181 804 1182 857 f

148 863 296 957 ἀνάγκης
327 867 632 956 συγκεχωρηκέναι·
662 861 742 945 του’ς
770 890 807 934 τε
831 865 1029 954 κατέχοντας
1060 862 1119 944 τὰς
1129 875 1183 927 1881

148 968 280 1058 κτήσεις
310 958 359 1038 τόν
395 964 631 1059 ἐκαρπώσαντο
664 963 796 1057 χρόνων
826 964 990 1048 λαθόντες
1017 963 1120 1054 ήξίου
1182 1040 1183 1045 ,

148 1067 246 1160 χάριν
270 1071 412 1157 εἰδέναι,
436 1071 670 1158 κωλυομένους
694 1067 732 1137 δέ
747 1063 794 1157 μή
811 1076 1023 1159 φιλοχωρεῖν,
1053 1073 1120 1157 ἔφη
1182 1144 1183 1149 1

98 1193 131 1246 ιο
148 1197 196 1260 τε,
213 1167 280 1240 σάν
296 1172 343 1264 τῷ
361 1175 499 1263 δικαίῳ,
523 1165 542 1239 δ
565 1167 690 1250 πάντες
712 1163 954 1258 ὁμολογήσειαν
976 1167 1119 1261 ἰσχυρόν

149 1270 248 1360 εἶναι,
265 1270 306 1341 τά
321 1269 383 1361 μέν
398 1267 541 1360 δημόσια
558 1268 655 1342 κοινά
671 1267 809 1342 πάντων
826 1270 924 1360 εἶναι,
939 1266 979 1341 τά
997 1269 1028 1340 δ’
1045 1275 1119 1341 ίδια
1183 1326 1184 1377 ,

147 1371 289 1444 ἑκάστου
311 1375 380 1443 ταῖν
396 1371 489 1467 νόμφ
506 1374 739 1462 κτησαμένων·
765 1375 823 1442 καί
839 1369 1026 1462 ἀναγκαῖον
1051 1369 1119 1463 ήδη

56 1473 58 1477 ’
147 1475 184 1546 τδ
196 1478 332 1567 πρᾶγμα
349 1472 417 1546 ὑπὸ
433 1479 492 1564 τής
509 1481 634 1563 βουλῆς
651 1475 826 1563 γεγονέναι
843 1473 908 1564 πρὸ
924 1475 1008 1546 έτοῐν
1019 1475 1120 1545 έπτα-

147 1582 287 1650 καίδειια
309 1573 372 1666 τήν
394 1579 460 1665 γήν
484 1579 657 1666 διανέμειν
678 1577 921 1666 ψηφισαμένης.
948 1576 1005 1645 καὶ
1022 1574 1115 1646 τοῦτ’
1184 1632 1185 1667 ,

97 1699 130 1752 15
148 1674 321 1768 ἀπέφηνεν
340 1680 393 1748 έπὶ
415 1681 464 1772 τῷ
479 1680 687 1769 συμφέροντι
709 1674 783 1748 τότε
805 1674 914 1765 αὐτήν
936 1680 1120 1766 βεβουλεά-
1184 1684 1185 1689 ’

148 1790 242 1870 σθαι,
266 1785 323 1852 ἵνα
346 1777 428 1869 μήτε
450 1785 493 1869 γή
511 1780 627 1869 χέρσος
643 1770 684 1871 ή,
701 1780 758 1849 καὶ
775 1773 794 1848 ὁ
811 1775 873 1868 τήν
890 1776 990 1849 πόλιν
1006 1785 1119 1850 οίκου

147 1885 218 1973 ρῶν
241 1883 344 1971 πένης
367 1878 463 1972 όχλος
487 1880 532 1971 μή
556 1877 676 1973 ἀργός,
703 1878 816 1973 ὥσπερ
839 1883 905 1954 νῦν
927 1893 997 1964 τοίς
1020 1876 1119 1953 ἀλλο·
1185 1910 1186 1966 1

146 1990 250 2073 τρίοις
281 1979 423 2071 ἀγαθοῖς
453 1986 614 2071 φθονεῖν,
649 1984 864 2074 ἐπιτρέφηται
890 1983 929 2053 δέ
953 1986 997 2073 τῇ
1018 1981 1118 2055 πόλει
1185 1983 1186 1992 ’

147 2080 262 2171 νεότης
281 2085 318 2153 έν
337 2085 500 2172 ἐφεστίοις
518 2086 574 2153 καὶ
587 2082 723 2175 κλήροις
740 2081 926 2179 πατρῴοις,
944 2084 1070 2175 έχουσά
1086 2114 1118 2155 τι
1185 2077 1186 2094 ’

96 2208 130 2259 κο
148 2185 204 2255 καί
222 2184 277 2255 ἐπὶ
288 2186 336 2277 τῷ
353 2188 463 2266 καλῶς
481 2182 668 2276 τετράφθαι
684 2187 770 2277 μέγα
786 2202 943 2277 φρονεῖν·
962 2187 1035 2258 έπεί
1047 2202 1117 2270 τοῖς

9 2320 10 2327 ¹
146 2312 186 2375 γε
209 2282 366 2377 ἀκλήροις
390 2288 446 2357 καὶ
468 2290 505 2358 έκ
521 2290 590 2358 τοῖν
607 2282 794 2379 ἀλλοτρίων
811 2285 998 2378 κτημάτων,
1023 2284 1117 2377 άμι·
1182 2345 1187 2368 ,

147 2390 239 2469 σθοιῖ,
257 2386 466 2479 ἐργάζονται,
484 2396 650 2479 γλίσχρως
667 2390 958 2480 διατρεφομένοις,
976 2385 997 2477 ή
1014 2384 1116 2479 ἀρχή·

146 2499 211 2559 θεν
228 2487 274 2578 μή
292 2485 483 2578 ἐμφύεσθαι
502 2497 609 2580 ἔρωτα
625 2493 743 2578 γενεάς
765 2492 905 2580 τέκνων,
923 2485 946 2579 ή
964 2488 1117 2580 έμφόντα

147 2586 297 2679 πονηρόν
315 2592 469 2681 ἐκφέρειν
487 2590 618 2681 καρπόν
635 2593 691 2663 καί
704 2586 782 2662 οὐδ’
796 2588 937 2682 εὐτυχῆ,
951 2594 988 2662 έκ
999 2618 1116 2677 ταπει-

95 2712 128 2763 νσ
147 2693 218 2761 νιδν
235 2716 272 2759 τε
290 2693 564 2781 συμπορισθέντα
580 2686 637 2763 οία
653 2689 742 2775 είκός
759 2691 888 2783 γάμων,
906 2694 963 2765 καὶ
980 2696 1019 2764 έν
1036 2722 1115 2764 κατ-
1124 2710 1179 2762 1885

147 2794 412 2881 επτωχευμέναις
435 2794 604 2884 τραφέντα
627 2792 752 2885 τάχαις.
781 2791 847 2883 έγιδ
864 2795 927 2884 μὲν
943 2784 1019 2884 οὖν,
1037 2801 1113 2884 ἔφη,

145 2888 285 2983 γνόμην
307 2887 571 2985 ἀποδείκνυμαι,
598 2893 640 2966 τά
662 2922 699 2965 τε
721 2897 1019 2986 προβουλευθέντα
1047 2894 1113 2967 θπδ

145 2997 207 3065 τοῦ
224 3000 407 3087 συνεδρίου
430 2997 487 3067 καὶ
512 2994 568 3067 διά
590 2994 649 3080 τάς
671 2994 793 3088 μεταξύ
810 2996 956 3088 ταραχάς
979 3006 1113 3088 παρειλ-

146 3097 295 3183 κυσμένα
314 3099 483 3185 ἐμπεδοῦν
499 3094 577 3181 τοδς
593 3094 753 3187 ὑπάτους,
772 3099 828 3168 καὶ
841 3096 920 3181 τούς
936 3102 1114 3189 ποιησομέ-

95 3218 129 3268 εο
145 3221 227 3275 νους
244 3193 307 3282 τήν
324 3194 488 3287 διανομήν
505 3194 632 3290 ἀνδρας
650 3196 902 3272 ἀποδεικνύναι.

222 3294 287 3365 LII.
319 3294 422 3367 Ταῦτ’
442 3296 592 3383 εἰπόντος
611 3307 782 3391 Αίμιλίου,
801 3300 956 3392 δεύτερος
973 3303 1113 3391 κληθείς

137 3391 279 3477 ’Ἄππιος
296 3394 467 3481 Κλαύδιος
484 3397 501 3469 ὁ
519 3404 565 3494 τῷ
584 3399 737 3494 πρόσθεν
753 3397 946 3485 όπατεάσας
967 3409 1035 3475 ἕπει
1051 3400 1114 3492 τήν
1185 3405 1186 3408 ’
