2384 3850
447 112 645 171 -Z—
880 130 895 153 “«
978 111 1022 177 45

53 285 162 373 ψῆφοι
176 284 375 373 καθαιρῶσι,
394 286 491 355 τούτο
504 299 628 354 ποιεῖν·
656 285 858 377 τυραννικὸν
876 287 938 376 μὲν
955 286 1020 377 γάρ

54 384 141 454 εἶναι
158 387 215 454 καὶ
233 391 356 472 βίαιον,
378 381 479 456 δνύυ
497 387 650 477 ἐπειρᾶτο
669 384 943 477 διαπράττεσθαι,
962 385 1023 459 τόν

52 484 157 556 αὐτὸν
174 483 338 575 ὑπάρχειν
355 488 410 556 καὶ
429 484 616 578 κατήγορον
633 489 689 557 καὶ
709 486 870 577 δικαστήν
886 491 943 559 καὶ
961 493 1022 560 τοῦ

52 589 176 677 μέτρου
188 589 418 682 τῆς-τιμωρίας
432 587 560 679 κύριον·
579 586 750 661 πολιτικόν
768 591 805 660 δὲ
818 588 856 660 τό
870 588 954 660 κατά
966 588 1022 662 νό-

53 717 136 778 μους
149 683 329 776 ἀπολογίας
341 687 486 779 τυχόντα
498 688 558 761 τὸν
565 684 721 761 ὑπαίτιον
731 687 788 761 ότι
799 684 841 761 ἀν
851 707 920 773 τοῖς
931 699 1022 761 πλεί-
1056 718 1074 767 5

54 812 105 860 οσι
125 794 297 871 δικασταῖς
316 788 396 880 δόξη
414 795 512 862 τούτο
530 803 666 862 παθεῖν.
686 799 840 864 πείθεται
857 792 985 874 τούτοις
1003 787 1022 862 ό
1045 856 1047 859 .

54 898 228 973 Σικίννιος
244 892 351 981 μηδὲν
368 889 458 980 ὁρῶν
480 892 652 982 βούλευμα
669 908 838 984 κρεῖττον,
865 896 921 964 καὶ
939 920 1023 983 παρ-

56 990 166 1064 ελθών
184 999 265 1083 ἔφη·
296 990 365 1082 Τὴν
382 994 445 1084 μὲν
462 993 616 1083 σπουδήν
638 993 738 1085 δρᾶτε
756 998 824 1066 τοΞν
838 1002 1023 1085 πατρικίων

56 1090 115 1181 τήν
138 1101 188 1176 είς
211 1093 251 1164 τά
274 1093 397 1183 φονικοὶ
420 1098 476 1165 καὶ
499 1102 592 1184 βίαια
617 1103 715 1187 ἔργα,
747 1087 772 1166 ὦ
797 1094 954 1187 δημόται,
979 1094 1024 1178 ὥς

58 1193 129 1276 ἑνός
156 1193 282 1287 ἀνδρὸς
313 1192 487 1281 αὐθάδους
512 1194 595 1286 ὅλην
622 1194 817 1281 ἀδικοῦντος
840 1195 902 1287 τήν
924 1195 1024 1269 πόλιν
1044 1223 1074 1270 10
1172 1270 1173 1273 ,

56 1285 152 1383 ήττου
168 1305 299 1368 τίθεται
317 1298 353 1396 τὸ
371 1302 501 1388 πλῆθος
513 1295 729 1391 τδύμέτερον.
757 1296 799 1370 οὐ
812 1299 879 1390 μήν
888 1297 1025 1389 ὁμοίους

57 1426 93 1484 γε
111 1395 226 1480 αὐτοῖς
247 1408 405 1488 γίνεσθαι
421 1400 484 1492 χρή
509 1404 565 1471 καὶ
590 1403 644 1471 ἐπὶ
667 1399 820 1491 κεφαλήν
843 1400 1024 1485 ὠθεῖσθαι,
1113 1456 1119 1468 ,

30 1563 32 1570 ,
58 1497 132 1581 οὐτε
165 1498 330 1591 ἀρχοντας
363 1503 512 1592 πολέμου
540 1499 621 1572 οὐτε
655 1500 901 1593 ἀμυνομένους·
947 1499 1023 1571 ἀλλ’

61 1602 170 1692 ἐπειδὴ
197 1600 369 1691 πρόφασιν
392 1599 542 1693 εὐπρεπῆ
573 1601 822 1691 προβάλλονταί
848 1629 936 1684 τινες
966 1605 1026 1672 τὸν

59 1701 175 1792 νόμον,
196 1694 225 1798 ᾦ
242 1708 447 1794 βοηθοῦντες
464 1701 688 1795 ἀφαιροῦνται
705 1709 763 1794 τῆς
781 1701 965 1792 κολάσεως,
989 1700 1025 1786 ὐς
1044 1727 1076 1776 15

60 1800 117 1874 οὐκ
134 1809 171 1897 ἐᾷ
189 1808 259 1876 των
274 1809 419 1878 πολιτῶν
432 1802 559 1877 οὐθένα
573 1802 766 1878 ἀποκτεῖναι
779 1803 927 1897 ἀκριτον,
945 1825 1026 1893 συγ-

19 1930 51 1979 τοι
61 1905 262 1997 χωρήσωμεν
292 1905 406 1989 αὐτοῖς
433 1904 470 1979 τό
496 1914 627 1979 δίκαιον
651 1911 766 1998 τούτο,
801 1914 920 1998 καίπερ
944 1906 1027 1979 οὐδὲ

60 2005 177 2098 νόμιμα
202 2008 384 2099 πάσχοντες
407 2008 488 2081 οὐδὲ
508 2016 621 2081 δίκαια
643 2006 704 2080 ὐπ’
724 2007 852 2081 αὐτῶν·
880 2013 937 2080 καὶ
955 2017 1027 2079 δεί-

62 2111 180 2199 ξωμεν,
214 2107 266 2180 ὅτι
295 2127 363 2194 τοῖς
395 2109 584 2202 εὐγνώμοσι
612 2116 739 2201 μάλλον
766 2106 787 2201 ή
811 2127 880 2195 τοῖς
904 2119 1026 2200 βιαίοις

62 2228 224 2301 περιεῖναι
240 2216 309 2282 ταῖν
325 2209 536 2285 ἀδικούντων
554 2208 640 2304 ήμάς
658 2217 803 2285 πολιτῶν
820 2210 1022 2301 βουλόμεθα.
1044 2236 1077 2283 ‘20

61 2308 150 2400 ὑμεῖς
167 2314 231 2403 μὲν
247 2304 311 2384 οὐν
328 2311 423 2385 ἀπιτε
447 2317 503 2385 καὶ
525 2312 584 2385 τὸν
607 2316 770 2404 μέλλοντα
793 2311 909 2402 καιρόν
933 2317 1028 2383 ἐκδέ-

63 2426 158 2500 χεσθε
182 2412 224 2486 οὐ
248 2415 356 2489 πολύν
381 2414 557 2507 ἐσόμενον·
590 2413 685 2505 ἡμεῖς
709 2416 744 2485 δὲ
768 2412 1028 2503 παρασκευασά-

63 2541 151 2600 μενοι
168 2514 209 2586 τά
227 2525 464 2605 κατεπείγοντα
482 2514 700 2607 προθήσομεν
717 2512 840 2607 χρόνον
863 2516 911 2609 τῷ
927 2511 1027 2604 ἀνδρὶ

66 2621 107 2696 είς
120 2613 313 2708 ἀπολογίαν,
333 2621 389 2689 καὶ
402 2617 464 2708 τήν
478 2627 577 2709 δίκην
592 2615 647 2709 ἐφ’
666 2613 762 2709 ὑμῶν
775 2620 1026 2707 συντελέσομεν.

64 2711 139 2789 ὅταν
157 2720 194 2790 δδ
211 2724 357 2809 γένησθε
379 2726 438 2810 τής
456 2718 573 2811 ψήφου
590 2718 674 2791 κατά
696 2718 755 2791 τόν
778 2717 882 2809 νόμον
905 2718 1027 2811 κύριοι,
1046 2742 1080 2791 ιο

65 2817 217 2908 τιμήσατε
234 2819 326 2915 αὐτῷ
349 2812 387 2911 ἧς
405 2816 558 2906 ἀνάξιον
577 2819 696 2913 εὕρητε
720 2829 843 2912 ζημίας.
878 2824 1029 2907 καὶπερὶ

66 2919 123 3004 μὲν
139 2920 259 2993 τούτου
278 2927 433 2995 τοσαύτα.
477 2928 536 3014 τῆς
561 2926 599 2995 δὲ
616 2927 677 2995 τού
699 2932 794 2995 σίτου
818 2919 1028 3013 διαπράσεώς

68 3026 170 3093 τεκαὶ
189 3028 383 3114 διαθέσεως,
403 3022 452 3097 ἵν’
472 3031 509 3096 ἐκ
525 3030 586 3097 τού
604 3023 814 3096 δικαιοτάτου
831 3027 979 3114 γένηται,
998 3031 1030 3094 εί

68 3119 108 3208 μή
129 3152 177 3205 τις
202 3132 292 3197 ἔσται
314 3125 442 3209 τούτοις
465 3130 521 3198 καλ
551 3133 591 3218 τῇ
620 3131 727 3217 βουλῇ
751 3133 905 3216 φροντίς,
932 3123 1028 3196 αὐτοί

70 3224 338 3317 ἐπιμελησόμεθα.
384 3233 487 3301 ταύτα
516 3228 622 3300 είπύυ
656 3230 789 3299 διέλυσε
823 3225 886 3315 τήν
911 3230 1029 3317 ἐκκλη-
1046 3249 1080 3299 30

71 3330 149 3396 σίαν.

140 3427 306 3500 XXXVII.
325 3431 422 3503 Μετὰ
431 3434 528 3517 τούτο
538 3437 573 3502 οί
579 3433 642 3521 μὲν
650 3429 770 3501 ὐπατοι
783 3428 1031 3517 συναγαγόντες
