2384 3850
47 292 206 366 ἄλλων
189 292 365 382 απάγτων,
397 292 488 364 ὅσων
512 296 642 364 ἐστὶν
627 292 700 383 ιερά
724 299 779 364 ’καλ
801 298 924 384 τεμένη
941 292 1024 385 παρ’

41 394 196 484 ”·Ελλησι
229 398 378 466 καὶτῶν
399 393 542 484 ὕστερον
570 391 632 485 ὑφ’
658 385 700 466 οὑ
721 395 783 485 τὴν
806 393 913 486 άρχην
936 397 1025 478 Ζεὺς
1122 419 1128 435 ’

50 501 223 588 παρέλαβε
256 499 563 585 μυθολογουμένων
595 501 773 586 γενέσθαι,
805 497 1044 589 Περσεφόνης

50 607 253 681 Εἰλειθυίας
277 600 437 688 Νυμφῶν
459 603 613 668 Μουσῶν
632 593 742 687 Ὡρῶν
766 606 923 684 Χαρίτων
940 610 1026 670 Διο-

51 699 181 790 νύσον,
213 702 270 771 καὶ
292 698 382 770 ὅσων
401 698 554 789 ἡμιθέων
580 703 772 789 γενομένων
797 706 835 770 αί
856 702 961 790 ψυχαὶ
983 699 1024 771 τά
1059 717 1077 764 σ

50 799 165 892 θνητά
190 797 415 872 ἀπολιποῦσαι
439 799 576 890 σῶματα
606 807 654 881 είς
682 798 830 890 οὑρανὸν
862 799 1025 873 ἀνελθεῖν

52 908 227 993 λέγονται,
245 906 301 974 καί
318 902 414 992 τιμάς
432 912 547 993 λαχεῖν
564 898 680 992 ὁμοίας
697 915 809 991 θεοίς,
824 899 1025 995 Ἡρακλέους

46 1004 251 1094 Ἀσκληπιοῦ
278 1002 500 1096 Διοσκούρων
519 999 653 1093 Ἑλένης
675 1004 790 1087 Πανὸς
818 1003 930 1076 άλλων
958 1035 1025 1094 μυ-

50 1114 149 1196 ρίων.
194 1114 302 1177 καίτοι
326 1113 356 1176 εί
379 1103 544 1196 βάρβαροι
561 1097 648 1196 ἦσαν
670 1112 706 1176 οί
719 1104 781 1195 τὴν
794 1102 921 1197 Ῥῶμην
938 1113 1026 1178 οίκί-

49 1229 173 1289 σαντες
197 1210 253 1277 καί
281 1205 343 1295 τὴν
368 1206 487 1296 ἑορτὴν
510 1207 636 1296 ταύτην
659 1208 960 1299 καταστησάμενοι,
991 1216 1028 1278 τί
1044 1223 1077 1271 10
1180 1233 1181 1254 ³

50 1315 224 1398 προσῆκεν
246 1304 361 1390 αὑτοῖς
382 1307 461 1390 τοὺς
483 1309 546 1397 μέν
559 1305 772 1400 Ἑλληνικοὺς
794 1309 944 1392 ἅπαντας
967 1313 1025 1380 σέ-

52 1418 129 1497 βειν
146 1408 249 1490 θεούς
266 1413 376 1480 τεκαὶ
395 1415 567 1499 δαίμονας,-
584 1415 654 1481 τῶν
673 1411 711 1480 δὲ
730 1420 881 1499 πατρίων
897 1407 1026 1501 ὑπερο-

52 1515 134 1600 ρᾶν;
161 1507 182 1599 ἢ
202 1510 338 1594 δειξάτω
361 1539 411 1592 τις
427 1506 509 1600 ημῖν
534 1515 595 1594 ἔξω
618 1517 678 1582 τοῦ
692 1507 886 1600 Ἑλληνικοῦ
911 1515 1024 1600 φῶλον

52 1616 179 1702 ἕτερον,
197 1602 227 1706 ,ᾦ
244 1610 460 1702 πάτριά,έστι
476 1619 582 1683 ταῦτα
605 1609 645 1681 τά
664 1611 754 1703 ίερά,
782 1615 839 1682 καὶ
855 1610 929 1683 τότε
949 1616 1025 1681 ιλια-

52 1715 202 1802 βαλλέτω
219 1712 346 1802 ταύτην
363 1711 425 1804 την
441 1711 616 1797 άπόβειξιν
634 1710 679 1795 ῶς
696 1711 759 1802 οὑχ
776 1709 866 1803 ὑγιῆ.
903 1735 1025 1784 σνντε-
1044 1737 1076 1785 15

52 1823 230 1903 λεσθείσης
256 1815 293 1885 βε
321 1844 380 1904 της
402 1841 535 1905 πομπης
561 1813 775 1904 ἐβουθύτουν
805 1812 910 1898 εὐθὺς
933 1820 969 1886 οἵ
988 1843 1024 1885 τε

12 1916 174 1990 σοὺπατοι
191 1918 333 1987 καίνων
352 1917 470 2039 ίερέων
486 1913 572 1999 οίς”
553 1942 666 2007 οσιον,
692 1915 783 1989 καὶὸ
802 1922 872 1989 τῶν
889 1930 1025 2007 θυηπο-

52 2024 137 2089 λιῶν
146 2014 293 2106 τρόποςὺ
304 2014 403 2099 αὑτὸς
416 2047 504 2113 ην
472 2024 518 2089 τῶ
532 2016 613 2111 παρ’
629 2016 689 2109 ἡμῑ
689 2050 718 2091 ν.
739 2019 979 2110 χερνιψάμενοί
988 2049 1025 2091 τε

52 2120 119 2212 γάρ
136 2117 232 2191 αὑτοὶ
249 2117 361 2190 καί
324 2148 364 2189 τα
384 2119 457 2211 ίερά
471 2129 611 2215 καθαρῶ
625 2129 898 2210 περιαγνίσαντες
912 2120 1023 2208 ὕδατι,

51 2225 111 2292 καλ
130 2230 342 2311 Δημητρίους
366 2221 514 2313 καρπούς
541 2221 779 2310 ἐπιρράναντες
809 2220 922 2292 αὐτῶν
950 2239 1024 2303 ταῖς
1041 2244 1076 2291 20

53 2333 228 2411 κεφαλαῖς,
249 2330 362 2393 ἔπειτα
379 2321 628 2411 κατευξάμενοι,
646 2321 749 2393 θύειν
764 2321 837 2392 τότε
854 2340 923 2403 τοῖς
936 2321 1027 2410 ὑπη

52 2428 166 2516 ρέταις
184 2422 268 2494 αὑτά
286 2427 450 2495 ἐκέλευον.
469 2427 538 2494 τῶν
556 2424 594 2493 δὲ
612 2428 647 2494 οί
657 2424 719 2512 μὲν
738 2424 879 2503 ἑστῶτος
897 2429 946 2493 ἔτι
962 2425 1027 2493 τοὺ

51 2525 207 2615 θύματος
224 2523 372 2617 σκυτάλη
396 2524 474 2607 τοὺς
491 2524 680 2616 κροτάφους
704 2531 837 2612 ἔπαιον,
861 2529 896 2594 os
913 2526 949 2595 δέ
967 2532 1026 2594 πί-

53 2655 194 2708 πτοντος
216 2622 423 2697 ὑπετίθεσαν
444 2623 502 2707 τάς
525 2632 710 2722 σφαγίδας,
742 2628 798 2696 καί
821 2625 904 2715 μετὰ
926 2628 1043 2699 τούτο·

54 2731 228 2817 δείραντές
249 2755 286 2798 τε
308 2730 364 2798 καί
387 2735 582 2817 μελίσαντες
605 2724 754 2818 ἀπαρχάς
779 2726 967 2817 ἐλάμβανον
992 2731 1024 2811 ἐξ
1042 2706 1094 2798 25⁰

54 2828 201 2900 ἑκάστου
225 2827 419 2919 σπλάγχνον
449 2832 504 2899 καὶ
533 2827 657 2911 παντὸς
677 2827 785 2911 Ιάλλου
813 2832 951 2919 μέλους,
985 2826 1025 2909 ἃς
1105 2910 1110 2917 ,

53 2928 209 3020 άλφίτοις
232 2934 304 3015 ζέας
322 2927 577 3017 άναβεύσαυτεςΙ
591 2933 802 3022 προσέφερον
826 2947 896 3011 τοῖς
914 2928 1026 3001 θύου-

55 3055 112 3104 σιν
137 3034 192 3102 έπί
215 3035 344 3103 κανῶν·
371 3037 406 3102 οί
423 3028 456 3102 θ’
483 3034 538 3102 ἐπὶ
562 3032 639 3113 τούς
663 3031 796 3122 βωμοὺς
821 3036 1025 3112 ἐπιτιθέντες

53 3133 212 3224 ὑφῆπτον
230 3135 287 3204 καὶ
304 3136 559 3224 προσέσπενδον
581 3133 677 3204 οἶνον
701 3131 784 3204 κατά
806 3138 874 3204 τῶν
892 3131 1026 3222 άγνιζο-

54 3240 176 3325 μένων.
221 3239 362 3306 ἕκαστον
385 3233 416 3304 δ’
448 3233 499 3306 ὅτι
528 3232 612 3305 κατά
642 3232 766 3323 νόμους
797 3239 923 3324 ἐγίνετο
946 3232 1025 3316 τοὺς
1042 3256 1076 3307 30

54 3334 142 3427 άμφλ
163 3342 292 3408 θυσίαν
314 3332 377 3427 ὑφ’
398 3331 566 3425 Ἑλλήνων
590 3340 877 3423 κατασταθέντας,
908 3341 944 3405 ἐκ
966 3339 1025 3424 τῆς

53 3437 198 3530 Ὁμήρου
215 3436 379 3528 ποιήσεως
397 3440 524 3527 γνῶναι
542 3435 674 3531 βοίδιον.Δ
698 3440 754 3507 καὶ
772 3436 835 3529 γάρ
853 3463 1026 3528 χερνιπτο-

107 3584 187 3623 mou.
199 3558 245 3621 1'11.
853 3548 871 3610 7
