2384 3850
315 101 644 174 ,-ν-

56 270 177 363 [ἐστιν]
207 269 271 355 ὀψέ
295 268 461 360 ἄρξασθαι
490 270 531 343 τά
555 274 673 345 δέοντα
698 275 855 367 πράττειν
881 270 902 365 ἦ
925 276 1025 366 μηδέ·

54 392 155 444 ποτε·
174 370 233 444 εἴτ’
255 364 317 444 οὖν
334 371 480 457 ἅπαντες
497 373 633 464 ὁμοίους
652 384 741 467 ἐχετε
758 381 835 467 περὶ
854 381 922 448 τάν
940 399 1026 468 συμ-

52 472 233 564 φερόντων
250 474 446 565 λογισμούς,
482 479 537 546 καλ
563 477 583 567 ἡ
607 487 780 569 προθυμία
802 484 860 569 τῆς
883 480 937 550 έπλ
967 478 1027 551 τδν

52 574 174 664 άγῶνα
201 575 305 668 ὁρμῆς
334 576 483 661 ἅπαντας
511 574 532 667 ἡ
556 577 641 668 αὕτη
666 589 854 671 κατείληφε.
899 585 964 651 νῦν
988 581 1025 650 δὲ

53 676 275 770 φοβούμεθα,
299 677 344 769 μὴ
366 679 407 750 τά
430 684 507 770 περὶ
532 686 590 771 της
614 690 813 774 κληρουχίας
837 680 1059 773 προσκρού-5

51 802 165 869 σματα
204 784 272 852 τοῖν
296 787 484 872 δημοτικῶν
508 784 590 874 πρὸς
613 783 691 867 τοὺς
716 789 752 856 ἐν
776 784 861 856 τέλει
880 782 1024 875 μεγάλης

52 892 146 952 αἴτια
171 886 219 976 τῷ
241 888 343 977 κοινῷ
372 887 509 974 γένηται
532 884 675 982 βλάβης·
711 882 840 970 ὑποψία
869 914 905 956 τε
939 880 1025 975 ἡμᾶς

51 980 344 1076 κατείληφεν,,ύς
361 984 474 1077 ἡπερλ
491 992 549 1077 της
568 986 685 1071 ἐξόδου
702 985 850 1076 καταβοὴ
868 990 923 1058 καὶ
941 983 1025 1075 άγα-

51 1082 215 1175 νάκτησις
249 1083 312 1157 οὐκ
346 1084 412 1157 άπδ
446 1093 504 1176 τῆς
540 1088 643 1179 αὐτῆς
678 1092 903 1181 προαιρέσεως
934 1089 1023 1179 παρὰ

52 1186 194 1259 πάντων
228 1196 371 1277 γίνεται·
407 1185 482 1260 ἀλλ’
519 1196 554 1262 ολ
585 1194 648 1281 μέν
683 1190 727 1274 ὡς
762 1189 1023 1282 τιμωρησόμενοι
1044 1202 1076 1250 10

4 1288 131 1373 ῖεῖτούς
148 1298 328 1380 πολεμίους
352 1304 588 1381 προθυμεῖσθε
614 1297 674 1365 τού
692 1292 833 1385 χάρακος
861 1297 1023 1380 ἐξελθεῖν,

51 1396 86 1460 ολ
116 1392 156 1462 δέ
194 1390 238 1473 ὥς
272 1388 548 1483 ἀποδρασόμενοι.
594 1398 628 1479 ἐξ
664 1384 713 1465 άν
743 1397 781 1465 δέ
815 1398 1024 1483 παρέστηκεν

50 1488 134 1582 ἡμῖν
171 1497 275 1564 ταύτα
305 1491 530 1588 ὑποπτεύειν,
567 1492 609 1565 ού
643 1495 778 1586 μάντεις
819 1497 907 1567 είσλν
940 1494 1024 1564 οὐδὲ

52 1602 253 1685 στοχασμοί,
288 1592 362 1665 ἄλλ’
392 1604 473 1688 ἔργα
500 1600 631 1687 ἐμφανῆ
659 1599 714 1667 καὶ
742 1594 823 1667 ούδδ
840 1600 944 1666 ταῦτα
962 1622 1022 1665 πα·

53 1694 151 1784 λαιά,
187 1696 260 1768 ἀλλ’
296 1701 333 1768 ἐν
362 1702 408 1791 τῷ
443 1697 648 1789 παρελθόντι
674 1702 816 1793 ἐνιαυτῷ
845 1694 1020 1787 γενόμενα,
1042 1705 1073 1755 15

53 1792 97 1880 ὦς
120 1794 268 1883 ἅπαντες
293 1811 379 1890 ἴστε,
416 1797 470 1870 ὅτε
496 1804 550 1871 ἐπὶ
580 1799 657 1881 τούς
688 1798 809 1881 αύτούς
845 1804 1024 1888 πολεμίους

51 1898 193 1983 τούτους
226 1905 351 1990 πολλῆς
377 1903 433 1972 καὶ
463 1899 594 1992 άγαθῆς
625 1900 826 1992 ἐξελθούσης
857 1903 1022 1992 στρατιάς,

52 2004 109 2072 καὶ
142 2006 200 2091 τῆς
223 2001 355 2094 πρώτης
377 2003 483 2094 μάχης
505 2003 542 2076 τό
562 2004 738 2095 κράτιστον
755 2003 837 2096 ἡμῖν
854 2001 1023 2093 λαβούσης

52 2107 164 2193 τέλος,
196 2108 404 2194 δυνηθέντος
438 2102 481 2176 άν
504 2110 566 2178 τοῦ
587 2105 662 2178 τότε
685 2105 823 2196 άγοντος
840 2101 926 2198 ύμάς
939 2104 1023 2176 ὑπά-

53 2233 113 2276 του
145 2214 339 2295 Καίσωνος,
373 2203 526 2296 ἀδελφοῦ
554 2208 591 2278 δὲ
623 2212 704 2297 ἐμοῦ
739 2210 835 2279 τονδὶ
871 2211 927 2277 καὶ
963 2208 1023 2277 τὸν
1042 2215 1074 2264 20

5 2348 7 2353 ·
53 2306 185 2398 χάρακα
218 2312 287 2378 τῶν
321 2316 489 2399 πολεμίων
519 2311 643 2392 ἐξελεῖν
668 2311 722 2378 καὶ
754 2315 854 2396 νίκην
887 2312 927 2398 τη
959 2334 1024 2376 ιτα-
1110 2349 1114 2358 ·

52 2415 144 2498 τρίδι
167 2424 369 2499 καταγαγεῖν
391 2406 644 2502 λαμπροτάτην,
680 2406 914 2498 φθονήσαντες
933 2405 1022 2500 αὐτῷ

55 2508 154 2599 δόξης
180 2515 286 2601 τινές,
316 2508 367 2582 ὅτι
394 2510 568 2603 δημοτικὸς
595 2508 659 2583 ούκ
675 2501 736 2600 ἦν,
763 2505 844 2581 ούδδ
866 2509 907 2580 τά
925 2537 1024 2598 κεχα-

53 2614 196 2703 ρισμένα
228 2630 298 2696 τοῖς
332 2615 452 2703 πένησι
492 2616 631 2685 διετέλει
670 2609 940 2703 πολιτευόμενος,
983 2615 1022 2703 τῇ

54 2710 171 2806 προέτη
202 2718 300 2787 νυκτὶ
334 2713 416 2806 μετά
446 2715 509 2806 την
543 2715 654 2807 μάχην
676 2713 929 2798 ἀνασπάσαντες
964 2710 1022 2796 τάς
1041 2723 1074 2774 25

53 2815 181 2904 σκηνάς
217 2814 301 2888 άυευ
342 2821 614 2911 παραγγέλματος
654 2814 848 2908 ἀπέδρασαν
886 2821 922 2887 ἐκ
962 2818 1023 2885 τοῦ

53 2915 209 3008 χάρακος,
227 2917 306 2990 οὔτε
319 2918 379 2989 τὸν
396 2926 560 2992 κίνδυνον
578 2924 828 3010 ἐνθυμηθέντες
845 2915 904 2988 τόν
921 2944 1023 2987 κατα-

53 3016 245 3110 ληψόμενον
262 3017 382 3104 αύτούς
400 3018 547 3105 άτάκτως
570 3024 626 3092 καὶ
650 3023 752 3112 χωρὶς
770 3016 929 3108 ἡγεμόνος
947 3013 1022 3086 dm·

4 3134 45 3188 760
54 3116 154 3202 ὄντας
173 3124 211 3191 ἐκ
228 3130 386 3212 πολεμίας
403 3131 463 3212 γῆς
484 3127 540 3194 καὶ
557 3128 661 3194 ταῦτα
682 3125 719 3193 ἐν
736 3129 846 3208 νυκτί,
870 3117 948 3192 οὕτε
961 3117 1023 3209 τὴν

55 3220 220 3312 αἰσχύνην
240 3220 302 3314 ὅση
324 3229 480 3308 καθέξειν
511 3221 632 3306 αύτούς
661 3232 798 3314 ἔμελλεν
822 3217 1022 3310 ύπολογισά-
1041 3235 1073 3284 30

54 3349 159 3413 μενοι,
177 3323 229 3395 ὅτι
246 3324 465 3418 παρεχώρουν
481 3344 551 3408 τοῖς
569 3332 739 3416 πολεμίοις
757 3329 814 3414 της
831 3325 1022 3413 ἡγεμονίας,

53 3420 90 3492 τύ
107 3428 193 3514 γοῦν
210 3425 263 3516 ἐφ’
281 3431 412 3511 ἑαυτοῖς
429 3431 539 3520 μέρος,
565 3431 620 3498 καὶ
646 3431 749 3498 ταῦτα
772 3432 806 3498 οί
824 3423 1023 3514 νικήσαντες
