2384 3850
443 114 646 173 -H-
964 114 1025 178 185

60 313 161 373 υαμιν
177 281 196 353 ὁ
211 280 381 364 Ἀκύλλιος
398 282 457 355 τόν
473 312 510 354 τε
528 282 656 377 χάρακα
673 290 741 357 τῶν
754 294 923 376 πολεμίων
936 267 1028 379 αίρεῐ

58 382 181 474 μεστόν
203 382 284 456 όντα
309 384 501 474 ὑποζυγίων
533 415 570 457 τε
593 389 648 457 καὶ
673 383 796 480 άγοράς
819 391 875 469 καὶ
898 387 1024 477 ὅπλων,

59 491 113 557 καὶ
130 485 208 567 τούς
225 494 428 578 τραυματίας
445 484 558 558 αὐτῶν
581 484 645 558 οὐκ
663 487 818 570 ἐλάττους
840 486 939 571 ὄντας
956 497 1024 561 τῶν

58 585 277 678 πεφευγότων
299 587 479 679 λαμβάνει,
506 587 570 679 τήν
586 617 624 660 τε
647 595 752 662 ἵππον
776 593 944 681 ἐκπέμψας
970 595 1025 661 ἐπὶ

58 688 133 771 τούς
152 692 416 779 ἐσκεδασμένους
438 687 504 761 άνά
525 690 585 772 τάς
602 689 716 774 ὁδούς
729 721 765 763 τε
787 695 843 762 καλ
867 690 924 773 τάς
941 687 1024 773 ὐλας
1059 716 1078 765 5

57 798 193 862 πολλῶν
215 797 345 880 γίνεται
368 791 532 881 σωμάτων
555 792 731 884 ἐγκρατής·
766 797 822 863 καὶ
844 791 881 863 τό
906 792 1025 863 λοιπὸν

57 890 122 982 ἤδη
144 890 209 980 τὴν
229 887 389 983 Ἑρνίκων
412 901 477 982 γῆν
502 892 596 984 ἐπῄει
622 900 792 983 λεηλατῶν
814 892 939 982 άδεῶς,
964 891 1025 965 οὐ-

58 993 154 1076 δενὸς
179 1001 228 1064 ἔτι
241 989 471 1095 ύπομένοντος
494 1002 542 1077 είς
564 1012 677 1087 χεῖρας
702 999 796 1067 ίέναι.
841 997 1025 1093 ταῦταμὲν

53 1093 224 1177 Ἀκύλλιος
242 1100 393 1184 ἔδρασεν.
436 1182 439 1188 ¹

8 1214 49 1268 σω
131 1196 266 1266 LXVII.
289 1193 324 1268 Ὀ
340 1195 373 1267 δ’
395 1200 505 1287 ἕτερος
522 1200 590 1267 τῶν
606 1194 744 1270 ὑπάτων
763 1208 862 1280 Τῖτος
875 1206 1023 1287 Σίκκιος,
1043 1224 1077 1273 10

56 1294 72 1367 ὁ
89 1301 261 1389 πεμφθεὶς
279 1301 335 1368 ἐπὶ
350 1295 596 1387 Οὐολούσκους,
615 1299 697 1372 ὅσον
714 1291 757 1389 ἦν
774 1298 949 1389 κράτιστον
966 1304 1024 1389 τῆς

57 1400 234 1490 δυνάμεως
270 1403 368 1490 μέρος
400 1396 581 1488 άναλαβῶν
619 1410 666 1483 είς
696 1400 758 1491 τὴν
788 1397 1041 1493 Οὐελιτρανῶν

56 1499 172 1591 χῶραν
189 1505 370 1590 εἰσέβαλεν.
402 1505 552 1573 ἐνταῦθα
569 1500 635 1589 γάρ
653 1491 697 1591 ἦν
720 1499 844 1583 Τύλλος
858 1500 1023 1582 ’Ἁττιοςδ

56 1608 124 1673 τῶν
144 1601 369 1674 Οὐολούσκων
385 1597 520 1692 ἡγεμῶν
536 1601 599 1691 τὴν
616 1600 840 1693 ἀκμαιοτάτην
857 1624 1023 1672 συσκευα-

57 1703 201 1795 σάμενος
218 1703 395 1794 στρατιάν,
419 1701 557 1794 γνῶμην
580 1712 667 1794 ἔχων
688 1701 729 1774 τά
746 1701 937 1793 συμμαχικά
950 1702 1023 1775 Ῥω·
1042 1727 1078 1776 15

4 1861 6 1869 .
57 1815 167 1893 μαίων
184 1809 332 1877 κακῶσαι
356 1809 505 1896 πρῶτον,
532 1802 645 1895 ῶσπερ
668 1804 686 1877 ὁ
705 1803 858 1895 Μάρκιος
882 1810 1024 1893 ἔδρασεν

5 1944 6 1947 “
56 1904 104 1976 ὅτ’
132 1905 252 1999 ἤρχετο
274 1911 336 1980 τοῦ
358 1909 522 1997 πολέμου,
555 1905 653 1992 δόξας
676 1912 714 1979 ἐν
741 1914 787 2002 τῷ
813 1904 904 2000 αὐτῷ
927 1904 1023 2002 φόβῳ

5 2048 6 2053 ¹
54 2003 232 2099 Ῥωμαίους
249 2017 298 2080 ἔτι
316 2011 489 2098 διαμένειν
511 2012 568 2079 καὶ
584 2016 753 2100 μηδεμίαν
776 2022 845 2091 τοῖς
862 2004 948 2101 ὑπὲρ
965 2006 1024 2080 αὐ·

5 2162 6 2195 χ
56 2115 123 2181 τῶν
141 2109 381 2182 κινδυνεύουσι
397 2113 542 2199 πέμιγειν
560 2114 764 2199 ἐπικουρίαν.
792 2107 837 2194 ῶς
856 2111 894 2180 δὲ
907 2109 1024 2200 ω”φθη-

58 2211 121 2283 σάν
143 2242 180 2283 τε
204 2215 260 2283 καλ
288 2211 382 2282 εἶδον
405 2207 550 2300 άλλήλας
580 2219 619 2282 αί
639 2211 816 2301 δυνάμεις,
850 2210 953 2306 οὐδέν
976 2220 1023 2282 ἔτι
1042 2235 1077 2283 20

57 2309 306 2404 ἀναβαλόμεναι
323 2310 494 2404 συνῄεσαν
512 2319 560 2393 είς
577 2311 615 2382 τό
633 2310 724 2382 αὐτό.
765 2303 809 2399 ἦν
828 2313 865 2380 δέ
882 2307 899 2382 ὁ
918 2317 1023 2402 χῶρος

5 2488 6 2493 ,
56 2412 74 2484 ὁ
90 2413 216 2504 μεταξύ
232 2418 301 2486 τῶν
317 2415 564 2503 στρατοπέδων,
583 2417 620 2483 ἐν
638 2403 666 2505 ςδ
682 2411 744 2501 τὴν
760 2410 870 2502 μάχην
885 2417 953 2482 ἔδει
971 2440 1023 2501 γε·

57 2518 190 2604 νέσθαι,
200 2513 303 2605 λόφος
315 2513 489 2607 πετρῶδης
501 2517 652 2604 πολλαχῇ
660 2511 923 2604 περικατεαγώς,
938 2520 1024 2583 ἔνθα

57 2615 247 2707 οὐδετέροις
268 2613 291 2704 ἡ
315 2623 416 2698 ἵππος
440 2623 577 2706 ἔμελλεν
601 2623 739 2687 ἔσεσθαι
763 2623 917 2706 χρησίμη.
960 2643 1025 2704 μα-

57 2717 177 2801 θόντες
191 2719 230 2788 δὲ
241 2723 341 2789 τοῦτο
352 2715 630 2806 οίτῶνῬωμαίων
640 2723 751 2800 ίππεῑς
760 2720 816 2788 καὶ
831 2721 867 2788 ἐν
881 2714 1023 2806 αἰσχύνη
1041 2736 1078 2785 25

57 2822 212 2909 θέμενοι,
245 2826 278 2890 εί
297 2817 460 2908 παρόντες
482 2826 529 2912 τῷ
551 2816 657 2907 άγῶνι
680 2820 786 2908 μηδὲν
808 2817 1024 2910 προσωφελή-

4 2933 50 2987 1666
58 2942 195 3008 σουσιν,
225 2922 359 2992 ἐδέοντο
386 2927 447 2990 τοῦ
469 2916 601 2990 ὑπάτου
623 2917 867 3009 προσελθόντες
891 2915 1023 3009 άθρόοι,

58 3024 153 3093 ἐᾶσαι
176 3029 267 3111 σφᾶς
287 3019 497 3109 καταβάντας
524 3019 591 3090 άπδ
623 3025 691 3091 τῶν
719 3025 833 3090 ἵππων
858 3017 1024 3108 μάχεσθαι

58 3121 175 3208 πεζούς
182 3177 192 3212 ,
220 3131 253 3193 εί
273 3126 372 3194 τοῦτο
396 3120 488 3217 αὐτῷ
513 3128 609 3192 δοκεῖ
628 3119 804 3212 κράτιστον
821 3119 922 3192 εἶναι.
967 3116 1024 3190 κά-

57 3241 168 3307 κείνος
190 3224 299 3296 πολλά
323 3227 498 3304 ἐπαινέσας
521 3219 645 3303 αὐτούς
668 3219 878 3309 καταβιβάζει
899 3247 937 3292 τε
959 3217 1024 3291 άπὸ
1042 3241 1078 3292 30

58 3332 127 3396 τῶν
144 3332 274 3416 ἵππων,
299 3327 356 3396 καὶ
379 3322 444 3396 σύν
468 3327 576 3418 ἑαυτῷ
594 3326 815 3412 τεταγμένους
839 3322 928 3412 εἶχεν
952 3326 1025 3391 ἐπι-

59 3424 205 3509 σκόπους
228 3455 265 3498 τε
288 3430 345 3497 καὶ
364 3424 600 3518 ἐπανορθωτὰς
623 3428 682 3494 τοῦ
705 3423 887 3514 κάμνοντος
912 3425 1023 3511 ἐσομέ-
