2384 3850
164 96 228 162 320
553 42 794 157 -69

1184 202 1187 241 ι

164 273 272 360 νοηθέ
270 297 345 352 ντες
371 264 415 353 ῦς
438 276 497 401 βίᾳ
462 271 577 340 ίκαὶ
600 266 725 358 πλήθει
748 264 964 361 άλωσόμενον
995 260 1144 362 ἐξῆλθον
1185 268 1187 337 λ

57 448 60 454 ,
164 369 284 469 ἀθρόοι
304 378 380 494 6⁶66
393 378 567 461 νείμαντες
581 368 714 452 αῦτοός.
742 371 1064 463 χίνεταίτεμίγας’
1045 403 1143 463 αγων
1185 363 1187 413 5

167 470 214 544 δι’
239 471 317 564 ὅλης
341 480 398 562 τῆς
425 471 607 563 ἡμέρας,ί
605 475 715 563 ταμω”ς
749 471 864 546 αὐτῶν
894 473 1143 564 ἐπιβαινόντων
1185 510 1187 555 2

164 591 233 658 τοίς
256 583 507 667 προτειχίσμασι
530 570 614 644 κατά
631 571 738 644 πολλά
761 577 863 666 μέρη,
886 573 1002 646 καὶ”
960 605 1039 647 ουτε
1056 584 1187 647 παλ·
1185 614 1187 669 ς

131 682 232 756 ττιῦν
261 673 339 748 οῦτε
371 677 494 767 [βελῶν
523 671 602 765 ἀπὸ]
633 674 738 759 τόξων
767 673 845 748 οῦτε
867 677 1045 768 χερμάδων
1073 673 1141 748 ἀπό
1185 764 1187 771 γ

165 776 354 868 σφενδόνης
377 776 569 869 ἀφιεμένων
598 775 823 860 ἀδιαλείπτοις
847 786 962 867 βολαῖς
987 777 1140 869 ἀνειργο-
1185 822 1186 841 ι

163 881 284 970 μένων.
332 888 417 952 ἔνθα
448 877 491 968 δὴ
522 877 852 972 παρακελευσάμενοι
882 876 1037 971 ἀλλήλοις
1061 878 1079 950 6
1104 908 1140 950 τε
1185 965 1187 969 .

164 980 289 1064 ῦπατος
314 980 408 1106 καὶ*
394 1010 411 1051 ο
436 977 685 1071 πρεσβευτὴς
665 978 727 1070 αφ’
755 985 814 1051 ἕνα
838 981 956 1103 καιρὸν
972 980 1139 1053 ἀναπετά-
1185 1012 1186 1015 ’

165 1106 282 1165 σαντες
306 1081 364 1165 τὰς
387 1081 511 1171 πύλας,
535 1081 604 1172 άμα
620 1099 690 1164 τοῖς
707 1078 939 1173 ἀκμαιοτάτοις
963 1085 1141 1176 ἐκτρίχου-
1185 1084 1187 1158 ἶ

115 1211 147 1261 10
165 1208 220 1256 σιν
246 1187 301 1255 ἐπὶ
324 1182 401 1266 τοῦς
424 1191 621 1273 πολεμίους,
646 1181 720 1254 κατ’
747 1181 848 1274 ῦμφω
865 1212 901 1256 τε
918 1213 959 1254 τα
948 1180 1121 1307 μίρη”
1075 1212 1186 1273 της

165 1289 353 1379 προσβολῆς
367 1283 594 1380 συρράξαντες
608 1283 723 1368 αότοῑς
736 1283 962 1378 ἀποτρέπουσι
975 1282 1055 1367 τοῦς
1070 1289 1139 1357 ἐπι·
1185 1342 1187 1362 2

164 1395 343 1476 βαίνοντας
366 1391 412 1483 τῷ
435 1385 563 1479 χάρακι.
604 1390 727 1479 τροπῆς
752 1388 789 1457 δὲ
812 1385 1050 1514 γενομένης,’
1034 1418 1053 1458 ο
1076 1388 1186 1487 μὲν

164 1489 290 1572 ῦπατος
315 1487 366 1559 ἐπ’
393 1487 509 1577 ὀλίγον
534 1485 653 1572 διώξας
676 1487 754 1570 τοῦς
778 1487 857 1559 καθ’
885 1489 1005 1560 ἑαυτὸν
1031 1489 1141 1580 [τετα-

164 1590 318 1681 χμίνους]
345 1587 564 1681 ἀνέστρεψεν
592 1584 683 1660 ὁδὶ·
696 1586 841 1680 ἀδελφὸς
859 1587 964 1664 αῦτου
949 1594 1039 1662 καὶ
1056 1617 1139 1682 πρε-

115 1715 147 1764 15
165 1689 474 1782 σβευτήςΠόπλιος
493 1689 655 1781 Φούριος,
674 1688 739 1762 ῦπό
759 1689 903 1782 λήματός
920 1722 956 1765 τε
974 1695 1030 1763 καλ
1052 1718 1138 1783 προ·
1149 1704 1187 1775 192

164 1802 291 1886 θυμίας
315 1794 516 1885 φερόμενος,
542 1789 620 1884 ἀχρι
642 1794 700 1881 τῆς
724 1801 936 1885 παρεμβολῆς
955 1797 1023 1865 τῶν
1041 1803 1139 1865 πολε·

164 1903 251 1988 μίων
282 1893 384 1985 ἤλασε
409 1893 544 1968 διάκων
566 1924 603 1967 τε
627 1898 683 1965 καὶ
706 1902 856 1967 κτείνων.
901 1887 988 1985 ἦσαν
1012 1897 1051 1968 δὲ
1076 1893 1139 1967 δόο

165 2014 299 2089 σπεῖραι
312 1994 499 2118 περλαῦτόν
512 1994 554 2067 οῦ
567 2004 704 2079 πλείους
716 1994 853 2089 ἀνδρῶν
861 2003 996 2102 ἔχουσαι
1010 2004 1138 2089 χιλίων.

163 2100 260 2168 τοῦτο
278 2096 444 2188 μαθόντες
462 2102 497 2167 οί
512 2099 663 2187 πολέμιοι
677 2102 755 2191 περὶ
768 2093 1058 2190 πεντακισχιλίους
1070 2098 1137 2191 μά-

113 2222 147 2272 20
164 2207 259 2271 λιστα
275 2196 461 2289 γενόμενοι,
478 2203 647 2331 χωροῦσιν
665 2196 718 2271 ἐπ’
738 2198 842 2272 αὐτὸν
857 2204 894 2271 ἐκ
906 2206 965 2273 τοῦ
978 2200 1138 2293 χάρακος

164 2291 279 2372 καλ
238 2329 330 2372 ουτοι
347 2301 409 2389 μὲν
428 2304 497 2384 ἑξ’
480 2306 634 2383 ενανιίας
652 2299 863 2393 προσῄεσαν,
889 2307 1001 2385 ίππεῑς
1022 2300 1055 2373 δ’
1076 2300 1140 2373 αῦ-

163 2406 231 2473 τοῦν
255 2400 367 2496 κόκλφ
391 2400 649 2494 περιελάσαντες
669 2402 752 2474 κατά
765 2403 875 2475 νοότου
889 2420 958 2487 τοίς
967 2399 1139 2494 Ῥωμαίοις
1178 2375 1187 2489 λ

165 2476 369 2594 ἑφίσταντάι.
415 2502 523 2597 τούτῳ
552 2502 593 2593 δὴ
618 2508 665 2598 τῷ
687 2503 799 2599 τρόπῳ
822 2508 1056 2586 κυκλωθέντες
1074 2500 1135 2576 ἀπ’
1185 2523 1186 2552 ³

165 2604 277 2677 αὐτῶν
306 2611 342 2676 οί
362 2605 428 2676 σῦν
451 2610 497 2699 τῷ
522 2612 663 2699 Ποπλίῳ
687 2609 743 2676 καλ
767 2611 844 2697 δίχα
873 2612 940 2678 των
965 2610 1140 2700 σφετέρων

113 2727 146 2777 25
164 2702 430 2795 ἀποληφθέντες,
455 2703 529 2789 ἐξόν
554 2702 669 2788 αὐτοῖς
695 2704 861 2792 σώζεσθαι
884 2712 1075 2799 παραδοῦσι
1097 2705 1139 2780 τά

163 2805 266 2878 ὅπλα·
293 2804 543 2899 προύκαλοῦντο
567 2806 632 2899 γάρ
658 2806 783 2890 αῦτοῦς
807 2815 855 2889 είς
872 2813 970 2881 τοῦτο
987 2816 1023 2880 ολ
1037 2813 1138 2881 πολέ-

164 2938 233 2998 μιοι
250 2911 307 2979 καὶ
324 2911 401 3000 περὶ
415 2912 542 2980 πολλοῦ
559 2912 732 2980 ἐποιοῦντο
745 2915 873 2999 χιλίους
880 2904 1050 3002 Ῥωμαίων
1058 2910 1136 2992 τοῦς

164 3009 324 3102 ἀρίστους·
339 3009 566 3101 αίχμαλοότους
584 3016 713 3100 λαβεῖν,
732 3005 777 3093 ῦς
797 3008 853 3081 διά
869 3010 999 3083 τούτων
1018 3009 1137 3083 διαλό-

165 3132 234 3192 σεις
252 3111 472 3203 εὑρησόμενοι
489 3110 592 3193 καλάς
605 3139 664 3182 του
650 3115 842 3202 πολέμου
861 3113 1137 3205 καταφρονήσαν-

114 3244 148 3294 30
165 3240 218 3293 τες
252 3210 366 3283 αὐτῶν
401 3216 457 3283 καλ
483 3210 805 3336 παρακελευσάμερι
839 3210 994 3305 ἀλλήλοις
1028 3216 1136 3305 μηδὲν

165 3311 302 3395 ἀνάξιον
319 3314 497 3402 πρᾶξαι
458 3341 516 3401 της
533 3311 681 3403 πόλεως,
698 3312 886 3442 μαχόμενοι
910 3319 966 3387 καλ
990 3316 1135 3397 πολλους
1145 3321 1187 3380 19λ

165 3409 476 3495 ἀποκτείναντες”
431 3441 499 3483 των
512 3412 716 3505 πολεμίων”
693 3443 838 3500 απαντες
849 3414 1134 3509 ἀποθνήσκουσιν.
1183 3400 1187 3437 ⁴
