2384 3850
53 103 58 113 '
438 139 481 148 -
525 106 552 165 Z
587 143 638 159 .-
982 104 1023 170 67

52 274 398 368 ἡμᾶς’κατακλείσετε
427 282 485 367 της
509 280 728 369 πανταχόθενΙ
748 282 940 369 ἐπικουρίας
963 306 1025 349 πε-

54 383 246 471 ριέχεσθαι,
269 377 521 470 ὑπομενοῦμεν,
546 372 710 469 ὦΛέκιε,
734 384 791 451 καί
813 379 1024 471 θεράποντας

54 490 102 564 είς
120 485 325 572 ἐλευθερίαν
342 481 610 573 προκαλούμενοι
629 486 684 552 καὶ
702 489 882 571 πολεμίους
901 491 948 565 είς
964 505 1025 572 φι-

54 592 133 655 λίαν
157 585 214 652 καὶ
238 583 365 666 πάντας
387 581 592 673 ἀνθρώπους
618 592 665 666 είς
690 592 871 654 κοινωνίαν
893 587 961 655 των
987 588 1024 654 ἐκ

53 691 112 774 της
130 693 226 773 νίκης
246 688 393 755 ἐλπίδων
415 684 516 775 ὁμόσε
539 703 663 777 χωρεῖν
684 681 775 774 ὑμῖν.
821 684 967 775 μηθενδς
987 686 1025 756 δὲ
1059 704 1075 754 5

54 785 185 857 τούτων
209 778 434 875 δεήσειεν,
409 815 435 856 ω
454 791 521 858 za}
544 791 606 858 καί
622 789 699 858 θεοι
723 784 847 869 πάντες
871 793 905 857 οί
926 784 1024 859 πόλιν

20 893 122 958 δῦτων
135 886 307 976 Ῥωμαίων
331 889 542 977 κατέχοντες,
566 886 641 958 ἀλλ’
663 900 714 977 είη
738 890 834 978 μέχρι
858 887 967 976 λόγων
984 888 1024 958 τά

56 986 184 1078 φοβερά
202 1017 306 1059 ταυτα
325 994 458 1078 ἐλθεῖν,
482 997 582 1081 ἔργον
606 991 643 1062 δὲ
660 987 772 1080 μηθὲν
791 995 823 1074 ἐξ
842 986 955 1060 αὐτῶν
971 993 1025 1079 χέ-

55 1119 144 1161 νοιτο
162 1088 271 1182 ἀχαρι.
1155 1163 1158 1172 ᾖ

129 1192 226 1262 Lllll.
272 1195 384 1262 Ταῦτα
413 1190 510 1282 μδν”
503 1204 636 1274 Αππιος
668 1193 771 1263 εἶπεν.
825 1191 957 1274 Μάνιος
989 1194 1025 1263 δὲ
1045 1197 1093 1258 10'
1150 1194 1167 1235 ἕ

59 1291 243 1386 Οὐαλέριος
267 1291 285 1363 ὁ
311 1292 573 1383 δημοτικώτατος
597 1299 666 1364 των
695 1299 733 1365 ἐκ
756 1300 816 1364 τοῦ
841 1300 1025 1384 συνεδρίου
1154 1315 1159 1348 ³

57 1400 110 1466 καὶ
127 1400 207 1487 περὶ
224 1394 281 1478 τάς
301 1394 480 1485 διαλλαγάς
498 1405 660 1484 πλείστην
674 1392 932 1485 ἀποδειξάμενος
946 1422 1025 1486 προ·

57 1505 186 1586 θομίαυ
220 1502 376 1587 φανερῶς
404 1501 461 1568 καί
489 1497 563 1568 τότε
586 1503 633 1590 τῷ
658 1495 753 1590 δήμῳ
780 1496 1025 1586 συνελάμβανε,

59 1602 111 1668 καὶ
128 1598 232 1688 λόγον
252 1602 407 1686 διεξῆλθε
429 1597 513 1688 μετά
530 1603 654 1686 πολλῆς
679 1606 900 1687 συγκείμενον
918 1625 1026 1688 φρου-
1150 1681 1159 1698 χ

59 1707 163 1792 τίδος,
197 1704 357 1790 ἐπιτιμῶν
379 1701 441 1790 μέν
464 1717 534 1782 τοῖς
557 1696 619 1770 οάκ
645 1703 723 1794 ἐῶσι
746 1707 827 1788 μίαν
854 1698 940 1769 εἶναι
962 1698 1025 1786 τὴν
1044 1725 1075 1774 15
1152 1723 1167 1786 '.

61 1800 171 1892 πόλιν,
195 1798 282 1872 ἀλλά
302 1808 469 1891 διαιροῦσι
487 1800 524 1873 τὸ
543 1798 722 1891 δημοτικὸν
740 1799 804 1872 ἀπὸ
822 1807 891 1872 τῶν
908 1828 1028 1891 πατρι-

61 1910 140 1975 κίων
157 1907 216 1976 καί
235 1901 290 1975 διά
314 1901 433 1997 μικράς
457 1902 640 1997 προφάσεις
664 1907 830 1994 πολέμους
853 1899 1027 1987 ἀναζωπυ-

63 2013 175 2093 ροῦσιν
195 2010 394 2096 ἐμφυλίους·
424 2009 572 2078 ἐπαινῶν
593 2008 631 2076 δὲ
649 2004 727 2087 τοδς
746 2013 783 2078 ἓν
800 2003 837 2076 τό
854 2007 1028 2095 συμφέρον

62 2110 114 2176 καὶ
137 2106 253 2181 κοινὸν
278 2103 486 2197 ἡγουμένους
516 2111 572 2180 καί
596 2106 693 2179 πάντ’
722 2105 845 2179 ἐλάττω
868 2114 927 2196 τῆς
951 2102 1027 2195 ὁμο-

63 2216 151 2327 ηοίας
169 2213 385 2299 τιθεμένους,
406 2209 578 2281 διδάσκων
596 2205 641 2291 ὡς
661 2216 692 2280 εί
708 2211 838 2331 χέηοιτο
856 2216 914 2297 τῆς
933 2212 1028 2296 δίκης
1046 2234 1079 2281 20
1166 2201 1170 2270 ἶ

64 2303 239 2400 ὁδῆμος
219 2310 330 2402 ω’σπερ
356 2310 445 2394 ἀξιοῖ
466 2311 599 2439 κύριος,
624 2313 680 2379 καί
704 2308 831 2430 ταύτην
854 2304 945 2397 παρά
967 2314 1027 2376 τοῦ
1164 2320 1165 2331 ’

23 2420 243 2506 ιείσυνεδρέου
261 2442 323 2501 την
342 2412 440 2504 χάριν
459 2410 592 2492 ἑκόντος
613 2409 726 2499 λάβοι,
757 2407 841 2497 τάχα
865 2436 927 2496 μευ
950 2405 1024 2477 οὐδ’

67 2511 268 2596 ἐπέξεισιυ”
247 2544 323 2607 αχρι
341 2517 473 2602 τέλους,
498 2510 574 2583 ἀλλ’
594 2510 773 2602 ἀρκεσθεὶς
797 2505 888 2579 αάτω
911 2514 957 2602 τῷ
976 2536 1029 2579 κε-

68 2619 261 2705 κρατηκέναι
297 2625 357 2687 τοῦ
387 2614 538 2705 σώματος
574 2615 818 2735 ἐπιεικεστερον
847 2618 975 2700 μᾶλλον
1007 2638 1029 2698 η
1166 2702 1167 2707 ¹

67 2716 292 2809 χαλεπώτερον
315 2716 407 2811 αὐτῷ
431 2714 623 2807 χρησεται.
621 2722 671 2787 εί
696 2712 778 2785 ‘JV
756 2744 821 2805 αρα
846 2718 882 2784 ἐκ
906 2712 1030 2793 παντὸς
1048 2735 1081 2785 25
1166 2779 1169 2784 .

69 2820 225 2905 οἰομένων
241 2818 368 2910 τρόπου
386 2848 454 2890 των
473 2816 653 2910 δημάρχων
673 2820 766 2897 τέλος
786 2820 954 2886 ἐπιθειναι
971 2813 1030 2884 νό

70 2943 164 3005 μιμον
179 2928 221 3011 τῇ
246 2928 381 3013 δίκη
342 2951 400 3043 της
417 2919 534 3010 ψήφου
552 2918 728 3009 γενήσεται
746 2916 878 3009 κύριος,
903 2911 1031 2983 ἀπολυ-
1167 2992 1168 2995 ¹

71 3035 117 3087 σει
137 3019 195 3092 τδυ
211 3020 321 3114 ἀνδρα
343 3050 480 3112 τηςτ
426 3028 480 3092 αίτ
482 3029 552 3110 ίας,
577 3020 778 3110 αἰδούμενος
802 3020 865 3108 μὲν
889 3011 970 3087 αυτὸ
994 3011 1031 3084 τδ

72 3127 265 3196 κινδυνεῦον
283 3146 394 3214 σωμα,
418 3153 459 3194 ου
482 3120 588 3195 πολλά
612 3125 668 3193 καί
686 3120 771 3191 καλά
790 3128 870 3244 ἔρχα
888 3126 955 3207 ἔχει
973 3143 1029 3206 με·
1164 3184 1165 3187 ,

73 3228 225 3313 μνῆσθαι,
243 3219 488 3306 ἀνταποδιδοδς
507 3225 545 3294 δὲ
562 3222 690 3311 ταύτην
708 3250 770 3310 την
793 3221 891 3311 χάριν
908 3226 949 3309 τῇ
967 3243 1032 3288 πα·
1050 3239 1084 3293 30

76 3324 235 3418 ρασχοάση
253 3328 316 3418 τὴν
334 3333 489 3412 ἐξουσίαν
512 3322 604 3420 αὐτῷ
626 3332 733 3415 βουλῇ
753 3319 908 3413 καὶπρὸς
925 3318 1033 3408 μηδὲν

77 3423 309 3523 ἕναντιωθείση
326 3436 395 3502 τῶν
411 3432 566 3522 μετρίων.
595 3441 751 3518 παρεῖναι
769 3426 882 3514 μέντοι
898 3427 939 3509 τῇ
955 3424 1033 3505 δίκη

837 3531 882 3595 5*
