2384 3850
437 112 638 172 -ρ)..

39 287 154 358 τεκαὶ
174 290 276 406 6666
301 288 480 409 ζητοῦντες
497 280 734 355 ἀπολύσασθαι
757 282 817 356 τόν
839 286 1026 378 στρατηγόν

40 386 194 478 ᾐτιῶντο
214 391 274 476 τῆς
291 385 419 477 περὶ
386 415 445 457 τον
462 384 580 510 66666
596 390 811 510 δυσποτμίας
848 393 960 459 ἔπειτα
977 390 1026 462 οῖ-

42 519 124 561 κτον
144 489 266 559 ἐπὶ
224 517 266 578 τη
284 495 441 620 συμφορᾷ
458 492 527 558 τῶν
543 483 618 558 τότε
633 487 849 577 τεθνηκότων
865 490 1027 581 καταχεά-

15 581 147 680 Ιμενος
167 590 283 660 πολὺν
299 593 356 662 καὶ
372 619 409 661 το
398 587 544 660 δεινὸν
561 586 724 679 αὐξήσας,
749 587 791 660 τά
807 617 843 660 τε
860 588 981 661 άλλα”
961 614 1025 662 οσα

44 701 90 774 είς
111 689 260 782 φθόνον
277 696 373 822 κρινῄ
391 690 474 763 κατὰ
491 694 559 762 των
576 699 762 782 πατρικίων
774 691 938 781 λεχομενα
947 721 1026 778 τους
1043 713 1060 762 ο

44 791 270 883 ‘ammas‘
250 793 337 884 νπερ
349 821 409 864 τον
398 789 546 885 ἀνδρὸς
562 790 921 884 δεήσεσθαιάνείρξειν
932 802 1025 884 ἐμελ-

45 907 104 966 λεν
133 898 174 966 ἐκ
201 902 325 986 πολλῆς
347 891 533 988 ὑπεροψίας
566 895 732 985 διελθών,
767 895 1001 986 παρέδωκε
966 925 1025 968 τον

45 997 162 1087 λόγον.

15 1129 40 1181 63
126 1097 300 1169 XXVIIII.
337 1096 618 1189 116666666666
641 1095 704 1186 τὴν
720 1093 939 1224 660606666
922 1129 941 1170 ο
959 1111 1028 1171 Σε-

49 1208 206 1294 ρουίλιος
230 1199 340 1272 εἶπεν
380 1207 421 1273 Et
408 1201 506 1289 6666
530 1201 584 1270 ἐπὶ
604 1205 705 1287 δίκην
721 1227 763 1290 με
779 1199 979 1291 κεκλήκατε,
999 1191 1027 1271 6
1046 1223 1079 1274 ιο

49 1311 209 1429 πρλίται,
235 1304 290 1373 καὶ
314 1298 415 1390 λόγον
437 1299 608 1373 ἀπαιτεῖτε
630 1305 689 1390 τῆς
706 1308 961 1392 στρατηγίας,”
941 1331 1026 1374 ετοι

50 1404 111 1496 μός
136 1411 210 1494 εἰμι
233 1401 524 1492 ἀπολογήσασθαι
557 1409 588 1474 ελ
611 1403 649 1474 66
672 1404 727 1472 ἐπὶ
748 1410 912 1494 τιμωρίαν
929 1432 1028 1474 κατε-

51 1509 275 1598 γνωσμένην,
306 1507 362 1576 καλ
385 1503 488 1578 οὐδὲν
512 1511 604 1576 ἔσται
621 1532 678 1594 μοι
694 1505 798 1574 πλέον
814 1501 1027 1588 ἀποδείξαντι

52 1605 97 1694 ὥς
113 1608 226 1680 οὐδὲν
241 1605 327 1698 ὑμᾶς
345 1604 470 1696 άδικιό,
494 1605 655 1696 λαβόντες
671 1602 709 1676 τό
727 1608 823 1696 σῶμα
840 1604 859 1676 6
875 1634 907 1676 τι
924 1603 1027 1676 πάλαι

52 1710 227 1799 βούλεσθε
243 1713 382 1800 χρῆσθε.
408 1712 483 1800 ἐμοί
497 1735 533 1779 τε
550 1705 615 1798 γάρ
632 1713 784 1808 κρεῖττον
800 1703 925 1802 ἀκρίτῳ
942 1704 1028 1778 660-
1047 1737 1078 1786 15

52 1825 183 1884 θανεῖν
206 1815 352 1901 μᾶλλον,
382 1805 403 1900 6
431 1809 533 1898 λόχον
558 1807 694 1933 τυχόντι
720 1811 776 1880 καὶ
802 1808 850 1934 μη
874 1817 1028 1881 πείσαντι

53 1910 144 2005 ὑμᾶς
154 1911 368 2004 ’δόξαιμι
330 1942 394 2004 γαρ
413 1909 478 1994 σάν
496 1917 575 2003 δίκη
589 1908 731 2003 πάσχειν
746 1908 766 1983 6
782 1941 814 1983 τι
827 1909 871 1982 66
883 1940 949 2039 666
967 1940 1029 1982 κα-

54 2019 222 2106 ταγνῶτε·
246 2010 342 2106 ὑμεῖς
365 2044 384 2085 τ
386 2013 456 2088 ’ἐν
479 2013 629 2086 ἐλάττονι
652 2021 742 2107 αἰτία
766 2022 887 2092 ἔσεσθε
903 2012 1029 2139 6666-

55 2124 159 2206 μενοί
177 2144 243 2207 μον
266 2115 325 2188 τόν
347 2114 449 2207 λόχον
472 2118 529 2187 καὶ
547 2120 586 2188 ἐν
603 2145 629 2211 6
618 2106 704 2186 καλ
723 2126 757 2188 εῖ
769 2146 801 2187 τι
818 2113 963 2188 άδιαῶ
942 2120 1029 2207 νμάς

57 2215 187 2310 ἄδηλόν
205 2222 295 2289 ἐστιν
312 2216 367 2341 ἐτι
389 2233 462 2301 ταῖς
484 2217 568 2337 ὄργα
571 2234 602 2299 ῖς
617 2216 842 2340 χαρισάμενοι.
880 2226 973 2288 ἔσται
991 2220 1032 2289 δέ
1046 2246 1080 2295 20

56 2351 112 2411 μοι
136 2318 159 2411 6
186 2315 360 2392 διάνοια
340 2324 438 2411 νμῶν
462 2323 497 2391 ἐκ
525 2324 583 2408 τῆς
607 2314 798 2409 ἀκροάσεως
821 2316 1028 2407 καταφανής,

15 2422 203 2517 64606666
220 2451 257 2494 τε
274 2451 316 2494 κα
319 2416 471 2515 ὶὴσνχίρι
491 2420 668 2509 εἰκάζοντι,
694 2416 836 2511 πότερον
854 2420 908 2489 ἐπὶ
926 2447 1030 2508 τιμω-

58 2533 138 2615 ρίαν
155 2554 177 2614 6
161 2518 249 2594 ”66
269 2529 367 2612 δίκην
378 2522 564 2613 κεκλήκατέ
573 2551 624 2613 με.
655 2518 754 2592 Ταῦτ’
776 2517 880 2592 είπων
895 2521 1028 2610 ἐπέσχε

61 2631 156 2718 σιγῆς
174 2625 212 2695 66
229 2627 411 2716 γενομένης
434 2628 490 2697 καὶ
513 2630 581 2696 τῶν
607 2629 774 2695 πλείστων
792 2620 1030 2749 ἐμβοησάντων

60 2742 205 2819 θαρρεῖν
221 2755 258 2797 τε
275 2726 369 2798 καὶ”
350 2748 413 2798 οσα
431 2725 588 2853 βρόλεται
607 2728 730 2816 λέγειν,
747 2723 1004 2818 παραλαβων
971 2754 1031 2796 τον
1047 2749 1081 2801 25

63 2830 163 2920 λόγον
180 2827 282 2899 πάλιν
300 2833 426 2913 ἔλεξεν
459 2826 547 2901 Ἀλλ’
569 2838 604 2900 εί
617 2857 668 2899 τοι
687 2834 859 2911 δικασταῖς
876 2827 1030 2918 ὑμῖν,ω

64 2936 211 3019 πολίται,
242 2933 300 3002 καλ
316 2960 362 3021 μη
351 2928 514 3022 ἐχθροῖς
537 2928 719 3023 χρήσομαι,
751 2936 876 3022 ῥᾳδίως
900 2934 1031 2998 πείσειν

63 3032 147 3160 ὑμᾶς
165 3030 324 3123 οῖομαι,”
305 3060 355 3112 οτι
372 3028 475 3108 οὐδέν
491 3029 608 3104 άδικοῐ.
640 3030 819 3122 ποιήσομαι
836 3025 928 3101 δὲ
890 3057 953 3160 την
970 3025 1032 3121 66-

66 3134 127 3225 χὴν
143 3136 211 3258 τρῖν
228 3133 338 3224 λόγων
363 3122 448 3219 ἐξ
420 3164 469 3206 ων
492 3132 636 3215 ἅπαντες
662 3143 742 3204 ἴστε.
780 3130 845 3221 666
868 3134 1031 3264 κατέστην

69 3232 173 3306 ἐπὶ
136 3264 198 3324 την
215 3232 321 3327 ἀρχὴν
339 3236 405 3309 σόν
421 3264 468 3332 τρι
458 3240 653 3329 κρατίστῳ
669 3231 870 3329 Οὐεργινίῳ,
889 3230 971 3305 καθ
990 3229 1031 3304 όν
1048 3262 1082 3312 30

70 3334 186 3461 χρόνον
198 3341 458 3429 ἐπιτειχίσαντες
468 3336 552 3429 ὑμῖν
566 3342 602 3409 oc
614 3336 828 3461 Τυρρηνοὶ
796 3366 855 3408 τον
865 3330 1011 3426 ὑπὲρ
971 3362 1031 3423 της

70 3436 191 3520 πόλεως
203 3437 321 3532 λόφον,
340 3439 447 3532 πάσης
461 3439 673 3533 έκρατονν
634 3468 692 3530 της
701 3435 874 3531 νπαίθρου
885 3429 1030 3534 [άρχῆς],
