2384 3850
424 92 665 164 ..H-.-

52 267 161 336 εἴπατέ
173 294 247 354 μοι,
271 272 363 348 τίνος
388 262 590 389 ἀδικήματος
615 271 706 358 αίτίμ
723 263 845 355 ταύτης
871 263 935 354 ἐγω
952 291 1014 336 πε

51 376 202 456 πείραμαι
232 370 291 455 της
321 365 441 465 τύχης,
481 362 502 455 ἢ
532 383 632 438 ποῖον
664 367 882 489 ἐπιτηδεύσας
913 375 1013 456 ἔργον

51 465 179 550 άνάξιον
200 472 270 538 τῶν
293 471 440 558 ίμαυτού
457 449 663 598 προγόνων;
678 465 813 592 πρωτην
837 473 1014 560 ἐστρατευ

52 567 154 658 σάμην
178 572 295 653 ἔξοδον
317 574 439 660 κομιδῇ
457 573 532 652 νέος
550 599 616 659 ων,
641 567 705 640 ὅτε
719 567 801 661 πρός
819 569 896 650 τούς
914 575 1014 656 βασι-

51 680 114 752 λεῖς
143 677 202 762 βίᾳ
230 669 405 754 κατιόντας
435 667 678 760 ἠγωνιζόμεθα.
738 674 774 741 ἐκ
802 669 923 760 ταύτης
953 696 1048 757 τηςσ

51 770 148 860 μάχης
165 768 344 863 άριστείοις
361 770 553 862 ἀνεδούμην
573 769 641 843 ὑπό
659 776 719 843 τοῦ
737 775 925 863 στρατηγοῦ
942 791 1013 840 στε-

52 870 162 960 φάνοις
186 881 327 963 πολίτην
342 872 573 965 ὑπερασπίσας
600 874 657 943 καὶ
682 876 841 963 πολέμιον
858 870 1014 943 άποκτεί-

18 988 19 991 ’
52 1002 115 1055 νας.
148 973 257 1045 ἔπειθ’
280 974 360 1058 ὅσας
378 972 480 1056 ἄλλας
505 974 640 1057 ίππικάς
664 977 722 1044 καὶ
740 973 871 1060 πεζικὰς
888 973 1013 1063 ἠγωνι-Ἰ

53 1073 153 1163 σάμην
182 1074 306 1165 μάχας,
322 1075 565 1165 ’ἐπιφανηςέν
590 1072 734 1160 άπάσαις
766 1074 929 1166 ἐγενόμην
957 1077 1014 1144 καὶ

53 1173 214 1266 τάριστεῖα
232 1181 266 1260 ἐξ
284 1172 424 1250 ἅπασάν
442 1185 580 1266 ἔλαβον·
608 1182 666 1248 καὶ
682 1176 759 1250 οὔτε
777 1176 872 1259 πόλις
891 1181 928 1248 ἐκ
945 1204 1010 1246 τει-
1032 1203 1066 1253 10
1154 1208 1158 1218 ·

17 1285 203 1367 λῖοχυμαχίας
222 1276 308 1349 ἑάλω
326 1308 387 1367 τις,
406 1270 444 1367 ἦς
461 1276 524 1349 ούκ
543 1278 607 1368 ἐγὼ
625 1283 754 1371 πρῶτος
773 1281 897 1368 ἐπέβην
914 1275 1013 1366 ἢσύν

18 1392 19 1424 ί
53 1376 180 1466 ὀλίγοις,
199 1377 278 1450 ούτε
296 1377 388 1469 φυγὴ
406 1388 576 1468 πολεμίων
590 1384 627 1450 ἐκ
638 1379 851 1469 παρατάξεως
870 1382 1013 1467 ἐγένετο,

54 1469 90 1566 ἧς
106 1476 166 1549 οόκ
184 1481 242 1569 ἐμὲ
259 1479 454 1552 αἰτιώτατον
477 1484 639 1570 γενέσθαι
656 1480 778 1561 πάντες
801 1487 836 1549 oc
850 1478 1014 1570 παρόντες

56 1578 258 1670 ὡμολόγουν,
283 1580 360 1652 οὔτε
382 1579 463 1652 ἄλλο
486 1586 555 1653 τῶν
572 1585 735 1673 λαμπρῶν
752 1575 773 1669 ἦ
790 1588 959 1669 γενναίων
978 1583 1015 1648 ἐν

57 1684 200 1772 πολέμοις
219 1689 327 1774 ἔργων
344 1681 450 1754 οὐθὲν
468 1681 551 1754 ἄνευ
575 1689 633 1772 τῆς
658 1685 736 1772 ἐμῆς
755 1691 820 1752 εἴτε
838 1679 1013 1769 εὐτολμίας
1033 1707 1066 1758 15

58 1794 116 1852 είτε
134 1782 287 1874 εὐτυχίας
307 1782 467 1877 ἐπράχθη.

18 1953 19 1956 ,
101 1884 203 1959 ΧΧΧ.
231 1889 300 1957 Καὶ
317 1889 414 1957 ταυτὶ
431 1887 492 1976 μὲν
512 1897 591 1968 ἴσως
616 1881 659 1957 άν
677 1892 744 1977 ἔχοι
762 1914 811 1975 τις
828 1886 885 1955 καὶ
903 1886 1014 1975 ἕτερος

57 1983 134 2079 ὑπὲρ
157 1984 263 2059 αύτοῦ
280 2005 435 2076 γενναῖος
459 1985 564 2079 άνηρ,
590 1996 622 2059 εί
638 1990 695 2058 καὶ
712 1986 757 2077 μὴ
775 1990 921 2059 τοσαῦτα
928 2040 938 2075 ,
962 1989 1014 2056 λε’-

57 2086 246 2173 γεινῇάλλά
272 2087 370 2160 πόλιν
395 2086 478 2178 ὅλην
494 2098 545 2172 τίς
564 2088 692 2160 δύναιτ’
720 2087 762 2161 άν
779 2085 1016 2180 καυχήσασθαι

59 2189 229 2280 στρατηγός
251 2186 273 2279 ἢ
296 2189 436 2280 λοχαγός
461 2187 565 2279 ἐλεόν,
590 2189 702 2282 ὥσπερ
726 2189 790 2279 ἐγώ
815 2188 877 2279 τὴν
894 2199 1068 2280 Regno-*20

59 2296 177 2378 λανῶνς
203 2295 341 2381 καὶτῆς
365 2290 467 2381 αὐτῆς
491 2292 616 2381 ἡμέρας
638 2289 657 2361 ὁ
681 2288 781 2371 αὐτὸς
806 2287 892 2378 άνηρ
918 2310 1015 2378 στρα-

59 2389 125 2461 τιάν
135 2401 304 2483 πολεμίων
316 2391 533 2484 τρεψάμενος,
545 2389 658 2480 ὥσπερ
677 2388 741 2478 ἐγω
759 2388 821 2478 την
833 2386 1016 2461 Ἀντιατῶν

62 2493 233 2584 ἐπίκουρον
249 2510 318 2576 τοῖς
336 2494 630 2583 πολιορκουμένοις
648 2490 872 2580 άφικομίνην;
892 2492 935 2560 ἑοῖ
951 2486 1016 2579 γάρ

59 2596 175 2684 λε’γειν,
192 2592 244 2666 ότι
261 2594 416 2676 τοιαύτας
434 2593 553 2687 άρετὰς
571 2589 848 2682 άποδειξάμενος,
869 2589 943 2675 ἐξόν
961 2618 1018 2680 μοι

60 2700 166 2784 λαβεῖν
181 2700 218 2767 ἐκ
235 2700 303 2767 των
316 2694 480 2788 λαφύρων
496 2694 605 2767 πολύν
622 2696 684 2785 μὲν
697 2693 834 2787 χρυσόν,
850 2692 960 2774 πολύν
979 2693 1016 2763 δὲ
1034 2719 1069 2771 25

62 2788 196 2890 ἄργυρον
214 2794 412 2887 ἀνδράποδά
435 2825 470 2867 τε
488 2796 579 2868 καῖ’
561 2806 646 2882 υποζ
646 2795 725 2885 ύγια
742 2798 798 2867 καὶ
822 2794 1016 2885 βοσκήματα
1076 2874 1084 2885 .

20 2902 164 2968 ὓῖῖκαὶ
124 2930 187 2991 γην
204 2897 333 2989 πολλην
350 2902 407 2970 καὶ
425 2895 578 2988 άγαθην,
603 2895 667 2969 ούκ
685 2896 822 2988 ηξίωσα,
840 2894 913 2965 ἀλλ’
935 2894 1016 2964 όινε-
1060 2912 1064 2915 ’

39 2996 264 3089 πίφθουον”
239 3029 283 3082 ως
300 2998 443 3091 μάλιστα
460 3002 678 3090 βουληθεὶςέ
678 2997 807 3089 μαυτὸν
818 3010 1017 3088 παρασχεῖν,
1059 3043 1064 3050 -

63 3100 289 3226 πολεμιστην“
275 3128 378 3173 ιππον
403 3131 463 3173 ενα
473 3100 585 3192 μόνον
609 3105 646 3171 ἐκ
671 3129 739 3170 των
756 3096 920 3189 λαφύρων
938 3104 1016 3167 ἔλα-

63 3207 115 3285 βον
130 3202 233 3275 καὶ
200 3232 261 3275 του
278 3208 423 3295 ἔμαυτοῠ
441 3205 538 3287 ξίνον
556 3208 592 3273 ἐκ
609 3231 678 3272 των
696 3197 925 3290 αἰχμαλώτων,
955 3198 1015 3270 τόν
1032 3224 1068 3274 30

65 3302 128 3371 W
110 3296 208 3389 αλλου
225 3310 371 3376 πλοῦτον
390 3312 438 3386 είς
460 3304 496 3374 τὸ
520 3301 636 3375 κοινόν
654 3311 760 3391 ἔθηκα
784 3302 907 3428 φέρων.
953 3297 1016 3369 πό-

64 3430 148 3495 τερον
164 3398 227 3480 σύν
244 3415 403 3499 τιμωρίας
423 3395 552 3489 άξιος
530 3434 573 3494 ην
597 3407 651 3475 ἐπὶ
669 3401 797 3485 τούτοις
814 3401 969 3488 ὑπέχειν,
993 3428 1015 3487 η
