2384 3850
181 89 245 154 236
566 88 765 149 -Θ-

113 276 116 281 ’
184 281 255 345 τοῖς
272 264 539 354 κεκρατημένοις.
583 258 721 342 τούτους
741 258 784 348 δὴ
798 258 874 342 τοῦς
899 256 1025 351 ἄνδρας
1047 256 1151 350 ὀρρω-

184 368 339 453 δοῦντες,
370 355 585 454 άταξίαρχοί
606 390 642 433 τε
667 363 723 431 καὶ
748 364 884 452 λοχαγοὶ
908 362 964 431 καλ
995 365 1152 450 στρατιω-

182 498 256 556 ται,
292 466 370 548 τοῦς
400 461 474 537 οῦτ’
499 464 616 554 ἄρχειν
641 465 851 553 δυναμένους
874 460 954 533 οῦτε
988 460 1152 555 άρχεσθαι
1183 496 1184 555 j

181 572 408 659 βουλομένους
441 562 586 647 πολλοῦς
609 568 665 636 καὶ
689 562 854 648 αὐθάδεις
889 560 988 646 ὄντας
1023 568 1081 635 καὶ
1115 563 1153 634 τά
1183 592 1184 595 ¹

147 697 163 745 ο
181 671 271 742 ὅπλα
289 677 424 760 ἔχοντας
443 671 479 739 έν
494 673 626 759 χερσίν,
651 664 729 738 οῦτε
757 665 920 759 πρότερον
944 664 1152 757 ἐβουλόμεθα

181 772 291 863 μάχην
321 769 505 842 συνάπτειν
535 767 613 840 οῦτε
635 772 702 839 νῦν
725 775 772 839 έτι
799 772 995 858 θαρσοῦμεν
1015 771 1071 839 ἐπὶ
1088 797 1154 839 τοι-

181 872 291 955 οῦτοις
326 869 511 963 συμμάχοις
543 868 603 943 τόν
634 866 722 959 ὑπὲρ
753 876 821 941 τῶν
845 877 1012 961 μεγίστων
1042 866 1154 959 άγῦνα
1183 900 1184 903 ¹

182 974 347 1064 ἅρασθαι,
378 973 423 1064 μὴ
459 969 638 1099 μωλῦματα
669 974 726 1041 καὶ
751 969 874 1059 βλάβαι
898 973 1066 1060 γένωνται
1088 988 1153 1051 τοῖς
1183 1000 1184 1029 ι

182 1074 314 1146 ἅπαντα
331 1072 372 1144 τά
390 1072 470 1145 καθ’
493 1072 633 1200 ἕμυτοῦς
651 1071 812 1164 πρόθυμοι
838 1073 1105 1198 παρεχομένοις.
1127 1078 1155 1141 εί
1183 1080 1184 1155 ἶ

134 1201 165 1248 10
185 1172 354 1266 μέντοι’
316 1185 413 1246 κακεί
412 1205 483 1247 νων
500 1174 517 1246 6
535 1175 615 1257 θεὸς
635 1174 742 1245 ἐπὶ
707 1204 747 1245 τα
760 1183 898 1297 κρείττω
912 1174 971 1245 τὸν
984 1172 1184 1263 νοῦνάμει

67 1346 75 1357 ,
183 1281 263 1349 νυνὶ
280 1281 337 1349 καὶ
355 1276 598 1364 καταβαλόντες
622 1276 658 1347 τὸ
685 1274 878 1400 στασιάζον,
913 1270 975 1365 ὑφ’
1011 1266 1057 1348 οῦ
1091 1280 1152 1347 νῦν
1183 1272 1184 1339 6

183 1378 290 1451 πολλά
299 1382 355 1451 κοιλ
365 1377 493 1469 μεγάλα
502 1376 683 1468 βλάπτεται
695 1376 731 1448 τό
745 1375 872 1467 κοινάν,
885 1374 906 1465 ἥ
919 1408 957 1467 χε
969 1375 1011 1467 δὴ
1020 1384 1071 1461 εἰς
1081 1374 1184 1457 τοῦς

182 1486 241 1571 της
262 1478 397 1573 εἰρήνης
416 1477 663 1570 άναβαλάμενοι
682 1478 831 1570 καιρούς,
855 1473 978 1577 [ηδη]έ
977 1477 1152 1572 πανορθά·
1183 1456 1184 1551 6

184 1596 311 1655 σασθαι
322 1581 502 1707 βοῦλρνται
511 1612 551 1654 τα
539 1580 775 1672 παρελθόντα
784 1578 955 1707 ὀνείδη
914 1609 955 1701 τη
966 1584 1032 1652 νῦν
1043 1578 1184 1703 ἄρετη,

134 1707 166 1755 15
183 1687 291 1775 μηδὲν
317 1693 365 1755 ἔτι
390 1684 427 1755 τδ
452 1690 607 1754 κωλῦσον
631 1690 715 1753 ἔστω
740 1698 862 1773 χωρεῖν
883 1681 972 1773 ὑμᾶς
1000 1685 1055 1753 ἐπὶ
1079 1681 1184 1761 τοῦς

184 1793 382 1877 πολεμίους,
417 1784 475 1869 τάς
511 1783 642 1873 άγαθάς
677 1785 969 1875 προβαλλομένους
1005 1786 1068 1854 έλπ
1070 1790 1148 1864 ί.δας
1142 1784 1184 1905 fl*

186 1896 304 2008 ἔχομεν
322 1888 361 1958 δέ
377 1886 502 1970 πολλάς
520 1916 581 1978 μεν
602 1888 659 1958 καλ
677 1882 817 1969 άλλας’
798 1884 1017 2010 αμορμδιςς
969 1891 1017 1968 είς
1041 1884 1080 1957 τδ
1104 1914 1151 1957 νι-
1183 1914 1184 2006 ρ

185 1994 261 2076 κάν,
276 1995 472 2077 μεμίσταςδ
452 1989 490 2058 δὲ
508 1992 564 2059 καλ
582 1986 788 2080 κυριωτάτας
807 1983 845 2070 δς
863 2016 899 2058 το
909 2016 978 2058 των
986 1967 1184 2078 πολεμίων

184 2086 328 2177 άνόητον
348 2084 452 2180 [ημῖν]
472 2093 625 2216 πριρέχει,
651 2096 686 2162 οι
706 2118 745 2178 γε
768 2088 893 2179 πληθει
916 2093 1074 2178 στρατιάς
1096 2118 1184 2200 μα

134 2215 167 2264 20
186 2219 255 2284 κρω
273 2188 475 2316 προῦχοντες
492 2220 605 2321 ημων,
624 2193 680 2262 καλ
703 2188 809 2284 τοῦτω
833 2188 926 2285 μόνω
951 2171 1184 2280 δυνηθέντες

90 2333 98 2341 ··
186 2287 229 2364 άν
247 2290 330 2383 πρὸς
347 2290 405 2375 τάς
423 2288 584 2417 ημετέρας
602 2291 724 2416 τόλμας
741 2321 777 2363 τε
795 2295 852 2362 καὶ
871 2296 1005 2382 έμπειρί
1004 2321 1044 2374 οις
1063 2290 1149 2363 άντέ-

185 2425 269 2487 χειν,
282 2391 528 2518 άπεστερηκασι
545 2423 603 2484 της
621 2393 725 2484 μόνης
744 2388 935 2482 ὠφελείας
919 2391 1062 2476 εαυτοῦς
1073 2390 1150 2464 άπα-

185 2494 397 2578 ναλιάσαντες
421 2494 457 2567 τδ
481 2506 599 2568 πλεῖον
622 2525 680 2585 της
706 2493 881 2584 δυνάμεως
904 2500 1004 2586 μέρος
1028 2503 1078 2578 είς
1100 2471 1184 2573 9696

185 2603 254 2668 τῦυ
280 2604 456 2688 φρουρίων
484 2595 647 2686 φυλακάς.
701 2603 814 2667 ἔπειτα
844 2599 923 2668 δέον
947 2593 1071 2678 αῦτοῦς
1093 2593 1184 2665 σῦν

135 2719 168 2770 25
189 2697 348 2790 εὐλαβείᾳ
383 2700 439 2768 καὶ
470 2703 617 2794 λογισμῷ
653 2696 804 2787 σάφρονι
835 2697 994 2790 πράττειν
1024 2701 1150 2782 ἕκαστα,

190 2801 463 2890 ἐνθυμουμένους
490 2798 573 2892 πρὸς
603 2807 695 2882 οἵους
726 2797 853 2890 άνδρας
876 2801 933 2870 καὶ
957 2799 1046 2870 πολὺ
1064 2797 1150 2869 άλκι-

185 2902 355 2993 μωτέρονς
390 2899 504 2972 αὐτῶν
538 2899 556 2972 6
592 2908 751 2985 κίνδυνος
787 2909 889 2990 ἔσται,
925 2905 1082 2992 θρασέως
1098 2899 1147 2970 καλ
1183 2983 1184 2990 ρ

186 3003 435 3095 ἀπερισκέπτως
461 3006 514 3074 ἐπὶ
532 2999 591 3073 τόν
609 2999 724 3091 άχιῦνα
742 3005 930 3093 χωροῦσιν,
967 2997 1012 3084 ὥς
1036 2999 1148 3092 άμαχοι
1183 3005 1184 3059 λ

189 3103 255 3194 [δή]
275 3133 363 3186 τινες
377 3107 433 3177 καὶ
453 3103 497 3186 ὡς
515 3102 610 3194 ἡμων
628 3101 932 3194 καταπεπληγότων
952 3099 1084 3184 αῦτοάς.
1119 3103 1150 3169 οί
1183 3121 1184 3126 ’

135 3229 169 3277 30
186 3210 271 3292 γοῦν
294 3203 561 3296 ἀποταφρεύσεις
579 3209 636 3277 καί
655 3212 693 3276 αλ
709 3208 806 3297 μέχρι
825 3208 888 3276 τοῦ
900 3202 1046 3296 χάρακος
1063 3202 1148 3293 ἡμων

187 3305 431 3388 καθιππεύσεις
471 3310 527 3378 καὶ
568 3307 608 3378 τά
651 3305 759 3378 πολλά
797 3311 836 3378 έν
875 3305 985 3396 λόγοις
1025 3334 1062 3378 τε
1099 3302 1147 3373 καλ

188 3414 297 3498 ἔργοις
315 3402 506 3498 ῦβρίσματα
524 3411 620 3479 τοῦτο
646 3407 798 3480 δύναται.
852 3406 956 3479 ταῦτά
975 3437 1012 3480 τε
1036 3405 1078 3496 δὴ
1103 3407 1146 3474 έν
1155 3399 1184 3478 1⁷6
