<?xml version="1.0" encoding="UTF-8"?>
<!DOCTYPE html PUBLIC "-//W3C//DTD XHTML 1.0 Transitional//EN"
    "http://www.w3.org/TR/xhtml1/DTD/xhtml1-transitional.dtd">
<html xmlns="http://www.w3.org/1999/xhtml" xml:lang="en" lang="en">
 <head>
  <title>
</title>
<meta http-equiv="Content-Type" content="text/html;charset=utf-8" />
  <meta name='ocr-system' content='tesseract 3.04.00' />
  <meta name='ocr-capabilities' content='ocr_page ocr_carea ocr_par ocr_line ocrx_word'/>
</head>
<body>
  <div class='ocr_page' id='page_1' title='image "./dionysihalicarn01kiesgoog_0087.png"; bbox 0 0 2384 3850; ppageno 0'>
   <div class='ocr_carea' id='block_1_1' title="bbox 437 101 1013 166">
    <p class='ocr_par' dir='ltr' id='par_1_1' title="bbox 437 101 1013 166">
     <span class='ocr_line' id='line_1_1' title="bbox 437 101 1013 166; baseline 0.01 -6"><span class='ocrx_word' id='word_1_1' title='bbox 437 101 758 160; x_wconf 77' lang='grc' dir='ltr'><strong><em>-·Ζ-’</em></strong></span> <span class='ocrx_word' id='word_1_2' title='bbox 969 102 1013 166; x_wconf 84' lang='grc'><strong><em>43</em></strong></span> 
     </span>
    </p>
   </div>
   <div class='ocr_carea' id='block_1_2' title="bbox 16 266 1064 3512">
    <p class='ocr_par' dir='ltr' id='par_1_2' title="bbox 43 266 1010 464">
     <span class='ocr_line' id='line_1_2' title="bbox 43 266 1010 364; baseline 0.005 -24"><span class='ocrx_word' id='word_1_3' title='bbox 43 277 187 356; x_wconf 63' lang='grc' dir='ltr'><strong><em>κιξοντος</em></strong></span> <span class='ocrx_word' id='word_1_4' title='bbox 217 266 323 353; x_wconf 79' lang='grc' dir='ltr'><strong><em>άδεως</em></strong></span> <span class='ocrx_word' id='word_1_5' title='bbox 353 271 431 354; x_wconf 84' lang='grc' dir='ltr'><strong><em>τούς</em></strong></span> <span class='ocrx_word' id='word_1_6' title='bbox 462 267 529 342; x_wconf 78' lang='grc' dir='ltr'><strong><em>ὑπὸ</em></strong></span> <span class='ocrx_word' id='word_1_7' title='bbox 559 289 655 364; x_wconf 81' lang='grc' dir='ltr'><strong><em>χεῖρα</em></strong></span> <span class='ocrx_word' id='word_1_8' title='bbox 684 270 826 363; x_wconf 83' lang='grc' dir='ltr'><strong><em>άκρατός</em></strong></span> <span class='ocrx_word' id='word_1_9' title='bbox 855 302 904 356; x_wconf 90' lang='grc' dir='ltr'><strong><em>τις</em></strong></span> <span class='ocrx_word' id='word_1_10' title='bbox 928 273 1010 364; x_wconf 83' lang='grc' dir='ltr'><strong><em>χολή</em></strong></span> 
     </span>
     <span class='ocr_line' id='line_1_3' title="bbox 44 372 836 464; baseline 0.005 -22"><span class='ocrx_word' id='word_1_11' title='bbox 44 375 97 442; x_wconf 83' lang='grc' dir='ltr'><strong><em>καί</em></strong></span> <span class='ocrx_word' id='word_1_12' title='bbox 114 379 236 463; x_wconf 75' lang='grc' dir='ltr'><strong><em>βαρεῖα</em></strong></span> <span class='ocrx_word' id='word_1_13' title='bbox 254 376 313 445; x_wconf 78' lang='grc' dir='ltr'><strong><em>του</em></strong></span> <span class='ocrx_word' id='word_1_14' title='bbox 331 377 439 456; x_wconf 77' lang='grc' dir='ltr'><strong><em>κακῶς</em></strong></span> <span class='ocrx_word' id='word_1_15' title='bbox 457 372 643 464; x_wconf 76' lang='grc' dir='ltr'><strong><em>πάσχοντος</em></strong></span> <span class='ocrx_word' id='word_1_16' title='bbox 660 373 836 463; x_wconf 75' lang='grc' dir='ltr'><strong><em>ὑπεροψία.</em></strong></span> 
     </span>
    </p>

    <p class='ocr_par' dir='ltr' id='par_1_3' title="bbox 42 473 1064 1481">
     <span class='ocr_line' id='line_1_4' title="bbox 117 473 1013 566; baseline 0.003 -23"><span class='ocrx_word' id='word_1_17' title='bbox 117 474 258 546; x_wconf 86' lang='lat' dir='ltr'>XXXV.</span> <span class='ocrx_word' id='word_1_18' title='bbox 302 473 477 566; x_wconf 74' lang='grc' dir='ltr'><strong><em>Τοιγάρτοι</em></strong></span> <span class='ocrx_word' id='word_1_19' title='bbox 505 475 660 563; x_wconf 79' lang='grc' dir='ltr'><strong><em>λέγοντός</em></strong></span> <span class='ocrx_word' id='word_1_20' title='bbox 688 505 724 547; x_wconf 89' lang='grc' dir='ltr'><strong><em>τε</em></strong></span> <span class='ocrx_word' id='word_1_21' title='bbox 755 474 861 548; x_wconf 78' lang='grc' dir='ltr'><strong><em>αὐτοῦ</em></strong></span> <span class='ocrx_word' id='word_1_22' title='bbox 889 476 1013 566; x_wconf 84' lang='grc' dir='ltr'><strong><em>μεταξύ</em></strong></span> 
     </span>
     <span class='ocr_line' id='line_1_5' title="bbox 43 574 1012 669; baseline 0.002 -23"><span class='ocrx_word' id='word_1_23' title='bbox 43 574 144 661; x_wconf 76' lang='grc' dir='ltr'><strong><em>πολύς</em></strong></span> <span class='ocrx_word' id='word_1_24' title='bbox 162 576 312 668; x_wconf 88' lang='grc' dir='ltr'><strong><em>θόρυβος</em></strong></span> <span class='ocrx_word' id='word_1_25' title='bbox 330 581 559 669; x_wconf 79' lang='grc' dir='ltr'><strong><em>ἐγίνετοτήδε</em></strong></span> <span class='ocrx_word' id='word_1_26' title='bbox 573 580 629 648; x_wconf 81' lang='grc' dir='ltr'><strong><em>καί</em></strong></span> <span class='ocrx_word' id='word_1_27' title='bbox 647 581 728 668; x_wconf 77' lang='grc' dir='ltr'><strong><em>τῇδε</em></strong></span> <span class='ocrx_word' id='word_1_28' title='bbox 745 577 874 668; x_wconf 85' lang='grc' dir='ltr'><strong><em>θαμινά</em></strong></span> <span class='ocrx_word' id='word_1_29' title='bbox 891 589 1012 668; x_wconf 88' lang='grc' dir='ltr'><strong><em>μεθελ-</em></strong></span> 
     </span>
     <span class='ocr_line' id='line_1_6' title="bbox 43 675 1064 769; baseline 0.002 -22"><span class='ocrx_word' id='word_1_30' title='bbox 43 681 208 769; x_wconf 82' lang='grc' dir='ltr'><strong><em>κομένων,</em></strong></span> <span class='ocrx_word' id='word_1_31' title='bbox 233 678 277 762; x_wconf 81' lang='grc' dir='ltr'><strong><em>ιδς</em></strong></span> <span class='ocrx_word' id='word_1_32' title='bbox 303 683 340 750; x_wconf 91' lang='grc' dir='ltr'><strong><em>ἐν</em></strong></span> <span class='ocrx_word' id='word_1_33' title='bbox 365 677 537 769; x_wconf 77' lang='grc' dir='ltr'><strong><em>διαφόροις</em></strong></span> <span class='ocrx_word' id='word_1_34' title='bbox 561 677 706 768; x_wconf 76' lang='grc' dir='ltr'><strong><em>πλήθεσι</em></strong></span> <span class='ocrx_word' id='word_1_35' title='bbox 731 682 787 750; x_wconf 79' lang='grc' dir='ltr'><strong><em>καί</em></strong></span> <span class='ocrx_word' id='word_1_36' title='bbox 810 678 851 750; x_wconf 85' lang='grc' dir='ltr'><strong><em>οὐ</em></strong></span> <span class='ocrx_word' id='word_1_37' title='bbox 868 677 909 748; x_wconf 86' lang='grc' dir='ltr'><strong><em>τά</em></strong></span> <span class='ocrx_word' id='word_1_38' title='bbox 927 675 1013 749; x_wconf 78' lang='grc' dir='ltr'><strong><em>αὐτὰ</em></strong></span> <span class='ocrx_word' id='word_1_39' title='bbox 1046 709 1064 758; x_wconf 74' lang='lat'><strong><em>6</em></strong></span> 
     </span>
     <span class='ocr_line' id='line_1_7' title="bbox 43 779 1013 871; baseline 0 -21"><span class='ocrx_word' id='word_1_40' title='bbox 43 783 274 871; x_wconf 81' lang='grc' dir='ltr'><strong><em>βουλομένοις,</em></strong></span> <span class='ocrx_word' id='word_1_41' title='bbox 301 785 370 852; x_wconf 79' lang='grc' dir='ltr'><strong><em>των</em></strong></span> <span class='ocrx_word' id='word_1_42' title='bbox 387 782 450 871; x_wconf 76' lang='grc' dir='ltr'><strong><em>μὲν</em></strong></span> <span class='ocrx_word' id='word_1_43' title='bbox 467 780 644 871; x_wconf 73' lang='grc' dir='ltr'><strong><em>ἡδομένων</em></strong></span> <span class='ocrx_word' id='word_1_44' title='bbox 661 783 717 851; x_wconf 82' lang='grc' dir='ltr'><strong><em>ἐπὶ</em></strong></span> <span class='ocrx_word' id='word_1_45' title='bbox 734 797 804 865; x_wconf 83' lang='grc' dir='ltr'><strong><em>τοῖς</em></strong></span> <span class='ocrx_word' id='word_1_46' title='bbox 822 781 931 869; x_wconf 79' lang='grc' dir='ltr'><strong><em>λόγοις</em></strong></span> <span class='ocrx_word' id='word_1_47' title='bbox 949 779 1013 851; x_wconf 82' lang='grc' dir='ltr'><strong><em>αὐ-</em></strong></span> 
     </span>
     <span class='ocr_line' id='line_1_8' title="bbox 42 881 1012 973; baseline 0.004 -25"><span class='ocrx_word' id='word_1_48' title='bbox 42 885 109 969; x_wconf 78' lang='grc' dir='ltr'><strong><em>τοῦ,</em></strong></span> <span class='ocrx_word' id='word_1_49' title='bbox 127 887 196 954; x_wconf 75' lang='grc' dir='ltr'><strong><em>τῶν</em></strong></span> <span class='ocrx_word' id='word_1_50' title='bbox 214 884 254 954; x_wconf 79' lang='grc' dir='ltr'><strong><em>δὲ</em></strong></span> <span class='ocrx_word' id='word_1_51' title='bbox 270 881 373 955; x_wconf 90' lang='grc' dir='ltr'><strong><em>πάλιν</em></strong></span> <span class='ocrx_word' id='word_1_52' title='bbox 389 881 597 973; x_wconf 78' lang='grc' dir='ltr'><strong><em>ἀχθομένων.</em></strong></span> <span class='ocrx_word' id='word_1_53' title='bbox 634 885 691 954; x_wconf 82' lang='grc' dir='ltr'><strong><em>καὶ</em></strong></span> <span class='ocrx_word' id='word_1_54' title='bbox 709 883 824 973; x_wconf 81' lang='grc' dir='ltr'><strong><em>ἐπειδὴ</em></strong></span> <span class='ocrx_word' id='word_1_55' title='bbox 843 881 1012 953; x_wconf 78' lang='grc' dir='ltr'><strong><em>ἐπαύσατο</em></strong></span> 
     </span>
     <span class='ocr_line' id='line_1_9' title="bbox 44 982 1013 1076; baseline 0.004 -26"><span class='ocrx_word' id='word_1_56' title='bbox 44 983 162 1073; x_wconf 79' lang='grc' dir='ltr'><strong><em>λέγων,</em></strong></span> <span class='ocrx_word' id='word_1_57' title='bbox 187 993 237 1055; x_wconf 78' lang='grc' dir='ltr'><strong><em>ἔτι</em></strong></span> <span class='ocrx_word' id='word_1_58' title='bbox 254 992 380 1056; x_wconf 92' lang='grc' dir='ltr'><strong><em>πλείων</em></strong></span> <span class='ocrx_word' id='word_1_59' title='bbox 402 982 524 1073; x_wconf 79' lang='grc' dir='ltr'><strong><em>ἀνέστη</em></strong></span> <span class='ocrx_word' id='word_1_60' title='bbox 543 984 606 1074; x_wconf 87' lang='grc' dir='ltr'><strong><em>βοή</em></strong></span> <span class='ocrx_word' id='word_1_61' title='bbox 625 987 681 1056; x_wconf 83' lang='grc' dir='ltr'><strong><em>καὶ</em></strong></span> <span class='ocrx_word' id='word_1_62' title='bbox 699 982 857 1076; x_wconf 84' lang='grc' dir='ltr'><strong><em>θόρυβος.</em></strong></span> <span class='ocrx_word' id='word_1_63' title='bbox 899 989 934 1054; x_wconf 86' lang='grc' dir='ltr'><strong><em>οί</em></strong></span> <span class='ocrx_word' id='word_1_64' title='bbox 948 984 1013 1075; x_wconf 72' lang='grc' dir='ltr'><strong><em>μὲν</em></strong></span> 
     </span>
     <span class='ocr_line' id='line_1_10' title="bbox 43 1082 1013 1177; baseline 0.003 -25"><span class='ocrx_word' id='word_1_65' title='bbox 43 1082 103 1174; x_wconf 82' lang='grc' dir='ltr'><strong><em>γάρ</em></strong></span> <span class='ocrx_word' id='word_1_66' title='bbox 124 1094 294 1177; x_wconf 82' lang='grc' dir='ltr'><strong><em>πατρίκιοι</em></strong></span> <span class='ocrx_word' id='word_1_67' title='bbox 324 1086 501 1177; x_wconf 88' lang='grc' dir='ltr'><strong><em>κράτιστον</em></strong></span> <span class='ocrx_word' id='word_1_68' title='bbox 518 1083 656 1177; x_wconf 75' lang='grc' dir='ltr'><strong><em>ἄνδρων</em></strong></span> <span class='ocrx_word' id='word_1_69' title='bbox 684 1084 837 1174; x_wconf 76' lang='grc' dir='ltr'><strong><em>λέγοντες</em></strong></span> <span class='ocrx_word' id='word_1_70' title='bbox 861 1084 1013 1176; x_wconf 76' lang='grc' dir='ltr'><strong><em>ἐπῄνουν</em></strong></span> 
     </span>
     <span class='ocr_line' id='line_1_11' title="bbox 44 1181 1063 1280; baseline 0.007 -26"><span class='ocrx_word' id='word_1_71' title='bbox 44 1181 142 1258; x_wconf 78' lang='grc' dir='ltr'><strong><em>αὐτόν</em></strong></span> <span class='ocrx_word' id='word_1_72' title='bbox 171 1183 228 1258; x_wconf 77' lang='grc' dir='ltr'><strong><em>ἐπὶ</em></strong></span> <span class='ocrx_word' id='word_1_73' title='bbox 257 1192 298 1278; x_wconf 77' lang='grc' dir='ltr'><strong><em>τῇ</em></strong></span> <span class='ocrx_word' id='word_1_74' title='bbox 325 1196 510 1280; x_wconf 77' lang='grc' dir='ltr'><strong><em>παρρησίᾳ,</em></strong></span> <span class='ocrx_word' id='word_1_75' title='bbox 542 1191 599 1258; x_wconf 83' lang='grc' dir='ltr'><strong><em>καί</em></strong></span> <span class='ocrx_word' id='word_1_76' title='bbox 622 1187 727 1278; x_wconf 87' lang='grc' dir='ltr'><strong><em>μόνον</em></strong></span> <span class='ocrx_word' id='word_1_77' title='bbox 757 1185 947 1276; x_wconf 81' lang='grc' dir='ltr'><strong><em>ἀπέφαινον</em></strong></span> <span class='ocrx_word' id='word_1_78' title='bbox 977 1192 1011 1269; x_wconf 85' lang='grc' dir='ltr'><strong><em>ἐξ</em></strong></span> <span class='ocrx_word' id='word_1_79' title='bbox 1030 1214 1063 1262; x_wconf 89' lang='lat'><strong><em>10</em></strong></span> 
     </span>
     <span class='ocr_line' id='line_1_12' title="bbox 44 1281 1011 1379; baseline 0.003 -25"><span class='ocrx_word' id='word_1_80' title='bbox 44 1281 196 1360; x_wconf 79' lang='grc' dir='ltr'><strong><em>ἁπάντων</em></strong></span> <span class='ocrx_word' id='word_1_81' title='bbox 216 1293 315 1378; x_wconf 77' lang='grc' dir='ltr'><strong><em>σφων</em></strong></span> <span class='ocrx_word' id='word_1_82' title='bbox 332 1287 525 1379; x_wconf 79' lang='grc' dir='ltr'><strong><em>ἐλεύθερον,</em></strong></span> <span class='ocrx_word' id='word_1_83' title='bbox 543 1285 580 1372; x_wconf 79' lang='grc' dir='ltr'><strong><em>ὃς</em></strong></span> <span class='ocrx_word' id='word_1_84' title='bbox 597 1287 675 1360; x_wconf 78' lang='grc' dir='ltr'><strong><em>ον”τε</em></strong></span> <span class='ocrx_word' id='word_1_85' title='bbox 692 1296 862 1378; x_wconf 89' lang='grc' dir='ltr'><strong><em>πολεμίων</em></strong></span> <span class='ocrx_word' id='word_1_86' title='bbox 879 1294 1011 1360; x_wconf 81' lang='grc' dir='ltr'><strong><em>ἔδεισεν</em></strong></span> 
     </span>
     <span class='ocr_line' id='line_1_13' title="bbox 46 1387 1011 1481; baseline 0.004 -25"><span class='ocrx_word' id='word_1_87' title='bbox 46 1387 202 1462; x_wconf 80' lang='grc' dir='ltr'><strong><em>ἐπιόντων</em></strong></span> <span class='ocrx_word' id='word_1_88' title='bbox 220 1389 331 1481; x_wconf 81' lang='grc' dir='ltr'><strong><em>ὄχλον,</em></strong></span> <span class='ocrx_word' id='word_1_89' title='bbox 349 1388 427 1461; x_wconf 78' lang='grc' dir='ltr'><strong><em>οὕτε</em></strong></span> <span class='ocrx_word' id='word_1_90' title='bbox 444 1397 591 1462; x_wconf 78' lang='grc' dir='ltr'><strong><em>πολιτῶν</em></strong></span> <span class='ocrx_word' id='word_1_91' title='bbox 609 1389 773 1472; x_wconf 78' lang='grc' dir='ltr'><strong><em>αὐθάδεις</em></strong></span> <span class='ocrx_word' id='word_1_92' title='bbox 791 1393 847 1460; x_wconf 82' lang='grc' dir='ltr'><strong><em>καλ</em></strong></span> <span class='ocrx_word' id='word_1_93' title='bbox 864 1388 1011 1478; x_wconf 90' lang='grc' dir='ltr'><strong><em>παρανό-</em></strong></span> 
     </span>
    </p>

    <p class='ocr_par' dir='ltr' id='par_1_4' title="bbox 16 1491 1063 3204">
     <span class='ocr_line' id='line_1_14' title="bbox 16 1491 1011 1584; baseline 0.001 -25"><span class='ocrx_word' id='word_1_94' title='bbox 16 1507 122 1577; x_wconf 67' lang='grc' dir='ltr'><strong><em>λεμονς</em></strong></span> <span class='ocrx_word' id='word_1_95' title='bbox 145 1491 370 1563; x_wconf 76' lang='grc' dir='ltr'><strong><em>ἐκολάκευσεν</em></strong></span> <span class='ocrx_word' id='word_1_96' title='bbox 392 1491 512 1584; x_wconf 88' lang='grc' dir='ltr'><strong><em>ὁρμάς·</em></strong></span> <span class='ocrx_word' id='word_1_97' title='bbox 545 1497 580 1563; x_wconf 77' lang='lat' dir='ltr'><strong><em>oc</em></strong></span> <span class='ocrx_word' id='word_1_98' title='bbox 603 1493 641 1562; x_wconf 71' lang='grc' dir='ltr'><strong><em>δὲ</em></strong></span> <span class='ocrx_word' id='word_1_99' title='bbox 665 1494 837 1580; x_wconf 83' lang='grc' dir='ltr'><strong><em>δημοτικοὶ</em></strong></span> <span class='ocrx_word' id='word_1_100' title='bbox 861 1497 1011 1561; x_wconf 91' lang='grc' dir='ltr'><strong><em>δυσανα-</em></strong></span> 
     </span>
     <span class='ocr_line' id='line_1_15' title="bbox 46 1589 1012 1684; baseline 0.001 -25"><span class='ocrx_word' id='word_1_101' title='bbox 46 1599 233 1681; x_wconf 86' lang='grc' dir='ltr'><strong><em>σχετοῦντες</em></strong></span> <span class='ocrx_word' id='word_1_102' title='bbox 257 1597 311 1665; x_wconf 81' lang='grc' dir='ltr'><strong><em>ἐπὶ</em></strong></span> <span class='ocrx_word' id='word_1_103' title='bbox 340 1610 411 1677; x_wconf 79' lang='grc' dir='ltr'><strong><em>τοῖς</em></strong></span> <span class='ocrx_word' id='word_1_104' title='bbox 439 1591 644 1684; x_wconf 77' lang='grc' dir='ltr'><strong><em>ὀνειδισμοῖς</em></strong></span> <span class='ocrx_word' id='word_1_105' title='bbox 675 1591 786 1683; x_wconf 84' lang='grc' dir='ltr'><strong><em>βαρὺν</em></strong></span> <span class='ocrx_word' id='word_1_106' title='bbox 810 1593 866 1661; x_wconf 82' lang='grc' dir='ltr'><strong><em>καί</em></strong></span> <span class='ocrx_word' id='word_1_107' title='bbox 890 1589 1012 1680; x_wconf 84' lang='grc' dir='ltr'><strong><em>πικρὸν</em></strong></span> 
     </span>
     <span class='ocr_line' id='line_1_16' title="bbox 45 1690 1063 1786; baseline 0.007 -26"><span class='ocrx_word' id='word_1_108' title='bbox 45 1696 95 1762; x_wconf 84' lang='grc' dir='ltr'><strong><em>καί</em></strong></span> <span class='ocrx_word' id='word_1_109' title='bbox 118 1690 330 1786; x_wconf 90' lang='grc' dir='ltr'><strong><em>πολεμίων</em></strong></span> <span class='ocrx_word' id='word_1_110' title='bbox 311 1694 470 1768; x_wconf 86' lang='grc' dir='ltr'><strong><em>απάυτων</em></strong></span> <span class='ocrx_word' id='word_1_111' title='bbox 496 1703 655 1785; x_wconf 79' lang='grc' dir='ltr'><strong><em>ἔχθιστον</em></strong></span> <span class='ocrx_word' id='word_1_112' title='bbox 679 1690 788 1764; x_wconf 81' lang='grc' dir='ltr'><strong><em>αὐτόν</em></strong></span> <span class='ocrx_word' id='word_1_113' title='bbox 806 1690 1009 1763; x_wconf 88' lang='grc' dir='ltr'><strong><em>άπεκάλουν.</em></strong></span> <span class='ocrx_word' id='word_1_114' title='bbox 1029 1718 1063 1767; x_wconf 83' lang='lat'><strong><em>15</em></strong></span> 
     </span>
     <span class='ocr_line' id='line_1_17' title="bbox 46 1790 1010 1887; baseline 0.001 -25"><span class='ocrx_word' id='word_1_115' title='bbox 46 1805 236 1887; x_wconf 76' lang='grc' dir='ltr'><strong><em>προθυμίαν</em></strong></span> <span class='ocrx_word' id='word_1_116' title='bbox 255 1799 292 1868; x_wconf 70' lang='grc' dir='ltr'><strong><em>δὲ</em></strong></span> <span class='ocrx_word' id='word_1_117' title='bbox 304 1797 432 1887; x_wconf 82' lang='grc' dir='ltr'><strong><em>πολλὴν</em></strong></span> <span class='ocrx_word' id='word_1_118' title='bbox 445 1796 536 1886; x_wconf 83' lang='grc' dir='ltr'><strong><em>εἶχόν</em></strong></span> <span class='ocrx_word' id='word_1_119' title='bbox 553 1825 642 1878; x_wconf 92' lang='grc' dir='ltr'><strong><em>τινες</em></strong></span> <span class='ocrx_word' id='word_1_120' title='bbox 654 1793 764 1886; x_wconf 84' lang='grc' dir='ltr'><strong><em>ήδη,ο</em></strong></span> <span class='ocrx_word' id='word_1_121' title='bbox 746 1790 796 1876; x_wconf 79' lang='grc' dir='ltr'><strong><em>οἷς</em></strong></span> <span class='ocrx_word' id='word_1_122' title='bbox 809 1792 895 1864; x_wconf 78' lang='grc' dir='ltr'><strong><em>πολι)</em></strong></span> <span class='ocrx_word' id='word_1_123' title='bbox 909 1820 1010 1883; x_wconf 89' lang='grc' dir='ltr'><strong><em>προσ-</em></strong></span> 
     </span>
     <span class='ocr_line' id='line_1_18' title="bbox 46 1893 1009 1990; baseline 0 -25"><span class='ocrx_word' id='word_1_124' title='bbox 46 1898 84 1983; x_wconf 84' lang='grc' dir='ltr'><strong><em>ήν</em></strong></span> <span class='ocrx_word' id='word_1_125' title='bbox 105 1897 140 1968; x_wconf 84' lang='grc' dir='ltr'><strong><em>τὸ</em></strong></span> <span class='ocrx_word' id='word_1_126' title='bbox 164 1896 317 1990; x_wconf 72' lang='grc' dir='ltr'><strong><em>εὐχερὲς,</em></strong></span> <span class='ocrx_word' id='word_1_127' title='bbox 344 1902 381 1970; x_wconf 90' lang='grc' dir='ltr'><strong><em>ἐν</em></strong></span> <span class='ocrx_word' id='word_1_128' title='bbox 406 1903 529 1990; x_wconf 72' lang='grc' dir='ltr'><strong><em>χειρῶν</em></strong></span> <span class='ocrx_word' id='word_1_129' title='bbox 546 1894 651 1969; x_wconf 79' lang='grc' dir='ltr'><strong><em>αὐτόν</em></strong></span> <span class='ocrx_word' id='word_1_130' title='bbox 680 1903 878 1988; x_wconf 83' lang='grc' dir='ltr'><strong><em>διαφθεῖραι</em></strong></span> <span class='ocrx_word' id='word_1_131' title='bbox 907 1893 1009 1990; x_wconf 90' lang='grc' dir='ltr'><strong><em>νόμω.</em></strong></span> 
     </span>
     <span class='ocr_line' id='line_1_19' title="bbox 47 1996 1015 2093; baseline -0.008 -19"><span class='ocrx_word' id='word_1_132' title='bbox 47 1998 234 2093; x_wconf 74' lang='grc' dir='ltr'><strong><em>συνήργουν</em></strong></span> <span class='ocrx_word' id='word_1_133' title='bbox 252 1997 286 2070; x_wconf 86' lang='grc' dir='ltr'><strong><em>δ’</em></strong></span> <span class='ocrx_word' id='word_1_134' title='bbox 305 1996 419 2085; x_wconf 76' lang='grc' dir='ltr'><strong><em>αὐτοῖς</em></strong></span> <span class='ocrx_word' id='word_1_135' title='bbox 444 2009 491 2083; x_wconf 87' lang='grc' dir='ltr'><strong><em>είς</em></strong></span> <span class='ocrx_word' id='word_1_136' title='bbox 508 2028 606 2072; x_wconf 93' lang='grc' dir='ltr'><strong><em>τουτο</em></strong></span> <span class='ocrx_word' id='word_1_137' title='bbox 630 2002 686 2071; x_wconf 83' lang='grc' dir='ltr'><strong><em>καὶ</em></strong></span> <span class='ocrx_word' id='word_1_138' title='bbox 704 1996 1015 2088; x_wconf 83' lang='grc' dir='ltr'><strong><em>συνελάμβανον</em></strong></span> <span class='ocrx_word' id='word_1_139' title='bbox 978 2026 1011 2068; x_wconf 93' lang='grc' dir='ltr'><strong><em>οι</em></strong></span> 
     </span>
     <span class='ocr_line' id='line_1_20' title="bbox 48 2098 1011 2193; baseline -0.002 -23"><span class='ocrx_word' id='word_1_140' title='bbox 48 2098 219 2193; x_wconf 87' lang='grc' dir='ltr'><strong><em>δήμαρχοι,</em></strong></span> <span class='ocrx_word' id='word_1_141' title='bbox 245 2104 299 2173; x_wconf 79' lang='grc' dir='ltr'><strong><em>καὶ</em></strong></span> <span class='ocrx_word' id='word_1_142' title='bbox 318 2100 460 2192; x_wconf 91' lang='grc' dir='ltr'><strong><em>μάλιστα</em></strong></span> <span class='ocrx_word' id='word_1_143' title='bbox 477 2110 650 2185; x_wconf 87' lang='grc' dir='ltr'><strong><em>Σικίννιος</em></strong></span> <span class='ocrx_word' id='word_1_144' title='bbox 669 2105 825 2173; x_wconf 77' lang='grc' dir='ltr'><strong><em>ἐνεδίδου</em></strong></span> <span class='ocrx_word' id='word_1_145' title='bbox 841 2116 910 2181; x_wconf 84' lang='grc' dir='ltr'><strong><em>τοϊς</em></strong></span> <span class='ocrx_word' id='word_1_146' title='bbox 928 2106 1011 2186; x_wconf 88' lang='grc' dir='ltr'><strong><em>βου-</em></strong></span> 
     </span>
     <span class='ocr_line' id='line_1_21' title="bbox 47 2198 1062 2294; baseline -0.001 -22"><span class='ocrx_word' id='word_1_147' title='bbox 47 2199 161 2289; x_wconf 83' lang='grc' dir='ltr'><strong><em>λήμασι</em></strong></span> <span class='ocrx_word' id='word_1_148' title='bbox 189 2202 249 2286; x_wconf 85' lang='grc' dir='ltr'><strong><em>τάς</em></strong></span> <span class='ocrx_word' id='word_1_149' title='bbox 272 2203 380 2294; x_wconf 80' lang='grc' dir='ltr'><strong><em>ἡνίας.</em></strong></span> <span class='ocrx_word' id='word_1_150' title='bbox 425 2208 593 2275; x_wconf 74' lang='grc' dir='ltr'><strong><em>τελευτάν</em></strong></span> <span class='ocrx_word' id='word_1_151' title='bbox 618 2207 719 2292; x_wconf 78' lang='grc' dir='ltr'><strong><em>γοῦν,</em></strong></span> <span class='ocrx_word' id='word_1_152' title='bbox 745 2201 860 2288; x_wconf 80' lang='grc' dir='ltr'><strong><em>ἐπειδὴ</em></strong></span> <span class='ocrx_word' id='word_1_153' title='bbox 883 2198 1010 2287; x_wconf 81' lang='grc' dir='ltr'><strong><em>πολλὴν</em></strong></span> <span class='ocrx_word' id='word_1_154' title='bbox 1028 2224 1062 2271; x_wconf 78' lang='lat'><strong><em>20</em></strong></span> 
     </span>
     <span class='ocr_line' id='line_1_22' title="bbox 48 2298 1010 2398; baseline 0 -30"><span class='ocrx_word' id='word_1_155' title='bbox 48 2298 144 2374; x_wconf 79' lang='grc' dir='ltr'><strong><em>αὐτοῦ</em></strong></span> <span class='ocrx_word' id='word_1_156' title='bbox 169 2305 383 2398; x_wconf 84' lang='grc' dir='ltr'><strong><em>καταδρομήν</em></strong></span> <span class='ocrx_word' id='word_1_157' title='bbox 408 2304 583 2395; x_wconf 82' lang='grc' dir='ltr'><strong><em>ἐποιήσατο</em></strong></span> <span class='ocrx_word' id='word_1_158' title='bbox 609 2307 665 2374; x_wconf 81' lang='grc' dir='ltr'><strong><em>καί</em></strong></span> <span class='ocrx_word' id='word_1_159' title='bbox 688 2303 766 2383; x_wconf 79' lang='grc' dir='ltr'><strong><em>τούς</em></strong></span> <span class='ocrx_word' id='word_1_160' title='bbox 789 2301 921 2390; x_wconf 82' lang='grc' dir='ltr'><strong><em>θυμοὺς</em></strong></span> <span class='ocrx_word' id='word_1_161' title='bbox 940 2304 1010 2383; x_wconf 84' lang='grc' dir='ltr'><strong><em>ἐξέ-</em></strong></span> 
     </span>
     <span class='ocr_line' id='line_1_23' title="bbox 49 2402 1009 2497; baseline -0.003 -26"><span class='ocrx_word' id='word_1_162' title='bbox 49 2426 145 2476; x_wconf 88' lang='grc' dir='ltr'><strong><em>καυσε</em></strong></span> <span class='ocrx_word' id='word_1_163' title='bbox 161 2413 231 2478; x_wconf 76' lang='grc' dir='ltr'><strong><em>τεόν</em></strong></span> <span class='ocrx_word' id='word_1_164' title='bbox 250 2410 404 2497; x_wconf 71' lang='grc' dir='ltr'><strong><em>δημοτῶν</em></strong></span> <span class='ocrx_word' id='word_1_165' title='bbox 423 2406 529 2488; x_wconf 82' lang='grc' dir='ltr'><strong><em>πολδς</em></strong></span> <span class='ocrx_word' id='word_1_166' title='bbox 548 2402 736 2495; x_wconf 80' lang='grc' dir='ltr'><strong><em>ἐμπνεύσας</em></strong></span> <span class='ocrx_word' id='word_1_167' title='bbox 754 2405 796 2493; x_wconf 78' lang='grc' dir='ltr'><strong><em>τῇ</em></strong></span> <span class='ocrx_word' id='word_1_168' title='bbox 816 2406 1009 2491; x_wconf 80' lang='grc' dir='ltr'><strong><em>κατηγορίᾳ,</em></strong></span> 
     </span>
     <span class='ocr_line' id='line_1_24' title="bbox 49 2502 1011 2631; baseline -0.001 -60"><span class='ocrx_word' id='word_1_169' title='bbox 49 2506 131 2587; x_wconf 80' lang='grc' dir='ltr'><strong><em>τέλος</em></strong></span> <span class='ocrx_word' id='word_1_170' title='bbox 156 2507 349 2598; x_wconf 83' lang='grc' dir='ltr'><strong><em>ἐξήνεγκεν,</em></strong></span> <span class='ocrx_word' id='word_1_171' title='bbox 379 2505 430 2579; x_wconf 82' lang='grc' dir='ltr'><strong><em>ὅτι</em></strong></span> <span class='ocrx_word' id='word_1_172' title='bbox 440 2506 599 2631; x_wconf 82' lang='grc' dir='ltr'><strong><em>θάγατον</em></strong></span> <span class='ocrx_word' id='word_1_173' title='bbox 623 2502 727 2576; x_wconf 80' lang='grc' dir='ltr'><strong><em>αὐτοῦ</em></strong></span> <span class='ocrx_word' id='word_1_174' title='bbox 751 2509 1011 2592; x_wconf 76' lang='grc' dir='ltr'><strong><em>καταψηφίζεται</em></strong></span> 
     </span>
     <span class='ocr_line' id='line_1_25' title="bbox 50 2603 1010 2728; baseline -0.002 -53"><span class='ocrx_word' id='word_1_175' title='bbox 50 2603 80 2673; x_wconf 84' lang='grc' dir='ltr'><strong><em>τὸ</em></strong></span> <span class='ocrx_word' id='word_1_176' title='bbox 71 2603 230 2728; x_wconf 85' lang='grc' dir='ltr'><strong><em>άρχειον</em></strong></span> <span class='ocrx_word' id='word_1_177' title='bbox 246 2615 304 2698; x_wconf 76' lang='grc' dir='ltr'><strong><em>τῆς</em></strong></span> <span class='ocrx_word' id='word_1_178' title='bbox 324 2618 372 2690; x_wconf 85' lang='grc' dir='ltr'><strong><em>είς</em></strong></span> <span class='ocrx_word' id='word_1_179' title='bbox 392 2607 469 2692; x_wconf 82' lang='grc' dir='ltr'><strong><em>τούς</em></strong></span> <span class='ocrx_word' id='word_1_180' title='bbox 486 2606 716 2698; x_wconf 79' lang='grc' dir='ltr'><strong><em>ἀγορανόμους</em></strong></span> <span class='ocrx_word' id='word_1_181' title='bbox 733 2603 902 2695; x_wconf 80' lang='grc' dir='ltr'><strong><em>ὕβρεως“</em></strong></span> <span class='ocrx_word' id='word_1_182' title='bbox 882 2631 1010 2692; x_wconf 86' lang='grc' dir='ltr'><strong><em>ενεκεν,</em></strong></span> 
     </span>
     <span class='ocr_line' id='line_1_26' title="bbox 51 2705 1063 2831; baseline -0.014 -43"><span class='ocrx_word' id='word_1_183' title='bbox 51 2733 101 2787; x_wconf 69' lang='lat'>0¹²6</span> <span class='ocrx_word' id='word_1_184' title='bbox 117 2738 156 2799; x_wconf 86' lang='grc' dir='ltr'><strong><em>τη</em></strong></span> <span class='ocrx_word' id='word_1_185' title='bbox 145 2713 320 2804; x_wconf 79' lang='grc' dir='ltr'><strong><em>προτέρᾳ</em></strong></span> <span class='ocrx_word' id='word_1_186' title='bbox 336 2739 405 2806; x_wconf 89' lang='grc' dir='ltr'><strong><em>των</em></strong></span> <span class='ocrx_word' id='word_1_187' title='bbox 422 2706 556 2801; x_wconf 75' lang='grc' dir='ltr'><strong><em>ἡμερῶν</em></strong></span> <span class='ocrx_word' id='word_1_188' title='bbox 574 2706 669 2797; x_wconf 89' lang='grc' dir='ltr'><strong><em>άγειν</em></strong></span> <span class='ocrx_word' id='word_1_189' title='bbox 687 2705 791 2831; x_wconf 81' lang='grc' dir='ltr'><strong><em>αάτὸγ</em></strong></span> <span class='ocrx_word' id='word_1_190' title='bbox 807 2708 1011 2778; x_wconf 85' lang='grc' dir='ltr'><strong><em>κελευσθέν-</em></strong></span> <span class='ocrx_word' id='word_1_191' title='bbox 1029 2726 1063 2775; x_wconf 80' lang='lat'><strong><em>25</em></strong></span> 
     </span>
     <span class='ocr_line' id='line_1_27' title="bbox 50 2804 1012 2901; baseline -0.012 -13"><span class='ocrx_word' id='word_1_192' title='bbox 50 2833 101 2887; x_wconf 68' lang='lat' dir='ltr'><strong><em>We</em></strong></span> <span class='ocrx_word' id='word_1_193' title='bbox 123 2804 183 2901; x_wconf 76' lang='grc' dir='ltr'><strong><em>ὑφ’</em></strong></span> <span class='ocrx_word' id='word_1_194' title='bbox 210 2808 322 2884; x_wconf 80' lang='grc' dir='ltr'><strong><em>αὑτων</em></strong></span> <span class='ocrx_word' id='word_1_195' title='bbox 350 2810 485 2883; x_wconf 85' lang='grc' dir='ltr'><strong><em>τόπτων</em></strong></span> <span class='ocrx_word' id='word_1_196' title='bbox 515 2807 701 2900; x_wconf 77' lang='grc' dir='ltr'><strong><em>ἀπήλασεν·</em></strong></span> <span class='ocrx_word' id='word_1_197' title='bbox 735 2805 777 2880; x_wconf 79' lang='grc' dir='ltr'><strong><em>οὐ</em></strong></span> <span class='ocrx_word' id='word_1_198' title='bbox 799 2807 863 2900; x_wconf 82' lang='grc' dir='ltr'><strong><em>γάρ</em></strong></span> <span class='ocrx_word' id='word_1_199' title='bbox 888 2809 1012 2896; x_wconf 82' lang='grc' dir='ltr'><strong><em>ετέρων</em></strong></span> 
     </span>
     <span class='ocr_line' id='line_1_28' title="bbox 51 2906 1012 3005; baseline 0.002 -31"><span class='ocrx_word' id='word_1_200' title='bbox 51 2914 145 2981; x_wconf 76' lang='grc' dir='ltr'><strong><em>τινῶν</em></strong></span> <span class='ocrx_word' id='word_1_201' title='bbox 162 2912 300 2984; x_wconf 80' lang='grc' dir='ltr'><strong><em>εἶναι</em></strong></span> <span class='ocrx_word' id='word_1_202' title='bbox 266 2944 325 2985; x_wconf 93' lang='grc' dir='ltr'><strong><em>τον</em></strong></span> <span class='ocrx_word' id='word_1_203' title='bbox 343 2910 619 3005; x_wconf 86' lang='grc' dir='ltr'><strong><em>προπηλακισμὸν</em></strong></span> <span class='ocrx_word' id='word_1_204' title='bbox 641 2911 700 2981; x_wconf 85' lang='grc' dir='ltr'><strong><em>τὸν</em></strong></span> <span class='ocrx_word' id='word_1_205' title='bbox 725 2918 773 2991; x_wconf 86' lang='grc' dir='ltr'><strong><em>είς</em></strong></span> <span class='ocrx_word' id='word_1_206' title='bbox 790 2910 868 2990; x_wconf 82' lang='grc' dir='ltr'><strong><em>τοὺς</em></strong></span> <span class='ocrx_word' id='word_1_207' title='bbox 884 2906 1012 2995; x_wconf 80' lang='grc' dir='ltr'><strong><em>ὑπηρέ-</em></strong></span> 
     </span>
     <span class='ocr_line' id='line_1_29' title="bbox 52 3006 1008 3105; baseline -0.012 -15"><span class='ocrx_word' id='word_1_208' title='bbox 52 3034 101 3089; x_wconf 65' lang='grc' dir='ltr'><strong><em>τας</em></strong></span> <span class='ocrx_word' id='word_1_209' title='bbox 118 3018 214 3101; x_wconf 76' lang='grc' dir='ltr'><strong><em>σφων</em></strong></span> <span class='ocrx_word' id='word_1_210' title='bbox 231 3013 413 3105; x_wconf 88' lang='grc' dir='ltr'><strong><em>γενόμενον</em></strong></span> <span class='ocrx_word' id='word_1_211' title='bbox 430 3010 450 3105; x_wconf 88' lang='lat'><strong><em>6</em></strong></span> <span class='ocrx_word' id='word_1_212' title='bbox 468 3044 536 3085; x_wconf 89' lang='grc' dir='ltr'><strong><em>των</em></strong></span> <span class='ocrx_word' id='word_1_213' title='bbox 558 3012 800 3084; x_wconf 87' lang='grc' dir='ltr'><strong><em>κελευσάντων.</em></strong></span> <span class='ocrx_word' id='word_1_214' title='bbox 842 3011 897 3079; x_wconf 92' lang='grc' dir='ltr'><strong><em>και</em></strong></span> <span class='ocrx_word' id='word_1_215' title='bbox 915 3006 1008 3079; x_wconf 75' lang='grc' dir='ltr'><strong><em>ταῦτ’</em></strong></span> 
     </span>
     <span class='ocr_line' id='line_1_30' title="bbox 54 3107 1013 3204; baseline 0.003 -26"><span class='ocrx_word' id='word_1_216' title='bbox 54 3109 148 3183; x_wconf 78' lang='grc' dir='ltr'><strong><em>εἰπάν</em></strong></span> <span class='ocrx_word' id='word_1_217' title='bbox 179 3118 334 3200; x_wconf 84' lang='grc' dir='ltr'><strong><em>ἐπέταξεν</em></strong></span> <span class='ocrx_word' id='word_1_218' title='bbox 359 3114 455 3204; x_wconf 87' lang='grc' dir='ltr'><strong><em>άγειν</em></strong></span> <span class='ocrx_word' id='word_1_219' title='bbox 484 3111 587 3186; x_wconf 84' lang='grc' dir='ltr'><strong><em>αάτόν</em></strong></span> <span class='ocrx_word' id='word_1_220' title='bbox 612 3116 665 3183; x_wconf 81' lang='grc' dir='ltr'><strong><em>ἐπί</em></strong></span> <span class='ocrx_word' id='word_1_221' title='bbox 689 3111 748 3183; x_wconf 80' lang='grc' dir='ltr'><strong><em>τόν</em></strong></span> <span class='ocrx_word' id='word_1_222' title='bbox 768 3107 1013 3201; x_wconf 79' lang='grc' dir='ltr'><strong><em>ὑπερκείμενον</em></strong></span> 
     </span>
    </p>

    <p class='ocr_par' dir='ltr' id='par_1_5' title="bbox 23 3210 1063 3512">
     <span class='ocr_line' id='line_1_31' title="bbox 23 3210 1063 3307; baseline -0.014 -11"><span class='ocrx_word' id='word_1_223' title='bbox 23 3212 103 3296; x_wconf 66' lang='lat' dir='ltr'>³⁹¹6ss</span> <span class='ocrx_word' id='word_1_224' title='bbox 125 3210 245 3307; x_wconf 80' lang='grc' dir='ltr'><strong><em>ἆγορᾶς</em></strong></span> <span class='ocrx_word' id='word_1_225' title='bbox 268 3216 389 3307; x_wconf 85' lang='grc' dir='ltr'><strong><em>λόφου·</em></strong></span> <span class='ocrx_word' id='word_1_226' title='bbox 418 3224 493 3289; x_wconf 84' lang='grc' dir='ltr'><strong><em>ἔστι</em></strong></span> <span class='ocrx_word' id='word_1_227' title='bbox 507 3218 545 3287; x_wconf 72' lang='grc' dir='ltr'><strong><em>δὲ</em></strong></span> <span class='ocrx_word' id='word_1_228' title='bbox 562 3214 599 3287; x_wconf 86' lang='grc' dir='ltr'>τὸ</span> <span class='ocrx_word' id='word_1_229' title='bbox 617 3222 742 3305; x_wconf 91' lang='grc' dir='ltr'><strong><em>χωρίον</em></strong></span> <span class='ocrx_word' id='word_1_230' title='bbox 758 3210 904 3305; x_wconf 79' lang='grc' dir='ltr'><strong><em>κρημνός</em></strong></span> <span class='ocrx_word' id='word_1_231' title='bbox 923 3216 1011 3294; x_wconf 82' lang='grc' dir='ltr'><strong><em>ἐξαί-</em></strong></span> <span class='ocrx_word' id='word_1_232' title='bbox 1029 3236 1063 3282; x_wconf 84' lang='lat'><strong><em>30</em></strong></span> 
     </span>
     <span class='ocr_line' id='line_1_32' title="bbox 55 3310 1008 3409; baseline -0.014 -14"><span class='ocrx_word' id='word_1_233' title='bbox 55 3330 127 3400; x_wconf 55' lang='grc' dir='ltr'><strong><em>ὅλος,</em></strong></span> <span class='ocrx_word' id='word_1_234' title='bbox 144 3313 233 3389; x_wconf 76' lang='grc' dir='ltr'><strong><em>ὅθεν·</em></strong></span> <span class='ocrx_word' id='word_1_235' title='bbox 245 3315 358 3401; x_wconf 83' lang='grc' dir='ltr'><strong><em>αότοίς</em></strong></span> <span class='ocrx_word' id='word_1_236' title='bbox 371 3327 450 3401; x_wconf 76' lang='grc' dir='ltr'><strong><em>ἔθος</em></strong></span> <span class='ocrx_word' id='word_1_237' title='bbox 463 3310 507 3409; x_wconf 86' lang='grc' dir='ltr'><strong><em>ήν</em></strong></span> <span class='ocrx_word' id='word_1_238' title='bbox 519 3316 658 3407; x_wconf 86' lang='grc' dir='ltr'><strong><em>βάλλειν</em></strong></span> <span class='ocrx_word' id='word_1_239' title='bbox 669 3315 748 3397; x_wconf 81' lang='grc' dir='ltr'><strong><em>τούς</em></strong></span> <span class='ocrx_word' id='word_1_240' title='bbox 761 3320 1008 3395; x_wconf 82' lang='grc' dir='ltr'><strong><em>ἐπιθανατίους.</em></strong></span> 
     </span>
     <span class='ocr_line' id='line_1_33' title="bbox 55 3410 1012 3512; baseline -0.005 -27"><span class='ocrx_word' id='word_1_241' title='bbox 55 3417 85 3479; x_wconf 78' lang='grc' dir='ltr'><strong><em>οί</em></strong></span> <span class='ocrx_word' id='word_1_242' title='bbox 99 3417 157 3503; x_wconf 70' lang='grc' dir='ltr'><strong><em>μὲν</em></strong></span> <span class='ocrx_word' id='word_1_243' title='bbox 179 3410 240 3491; x_wconf 77' lang='grc' dir='ltr'><strong><em>οὖν</em></strong></span> <span class='ocrx_word' id='word_1_244' title='bbox 264 3417 466 3512; x_wconf 90' lang='grc' dir='ltr'><strong><em>άγορανόμοι</em></strong></span> <span class='ocrx_word' id='word_1_245' title='bbox 488 3417 681 3511; x_wconf 81' lang='grc' dir='ltr'><strong><em>προσῄεσαν</em></strong></span> <span class='ocrx_word' id='word_1_246' title='bbox 705 3413 750 3497; x_wconf 62' lang='grc' dir='ltr'><strong><em>οἷς</em></strong></span> <span class='ocrx_word' id='word_1_247' title='bbox 774 3413 1012 3503; x_wconf 76' lang='grc' dir='ltr'><strong><em>ἐπιληψόμενοι</em></strong></span> 
     </span>
    </p>
   </div>
   <div class='ocr_carea' id='block_1_3' title="bbox 0 0 1209 3850">
    <p class='ocr_par' dir='ltr' id='par_1_6' title="bbox 0 0 1209 3850">
     <span class='ocr_line' id='line_1_34' title="bbox 0 0 1209 3850; baseline 0 0"><span class='ocrx_word' id='word_1_248' title='bbox 0 0 1209 3850; x_wconf 95' lang='lat' dir='ltr'><strong><em> </em></strong></span> 
     </span>
    </p>
   </div>
  </div>
 </body>
</html>
