2384 3850
470 104 673 164 -ο-
997 101 1061 167 313
1175 61 1181 70 ’

3 293 74 344 909
88 271 235 363 αὐτούς,
267 275 324 345 καί
347 272 412 348 σδν
435 271 526 370 αὐτῷ
549 273 691 356 Λεύκιος
711 273 854 367 Φουριος
877 278 934 347 καί
952 267 1063 358 Αὖλος

87 374 300 466 Οὐεργίνιος.
346 367 389 466 ήν
421 373 453 446 δ’
484 375 547 448 οὐκ
577 373 731 466 ἀγαπῶσι
760 393 830 459 τοίς
853 387 989 461 πολλοῖς
1006 381 1063 449 καί

85 472 233 566 πένησι
230 483 393 568 Ρωμαίων
410 475 431 568 ή
450 477 649 569 διανομὴ
609 507 667 568 της
684 476 793 570 χώρας
811 507 857 559 ως
874 476 1063 551 ἀπελαυνο-

86 582 203 669 μένοις
215 583 273 668 τής
284 586 456 671 πατρίδος,
475 579 600 670 ὀλίγων
612 607 648 651 τε
665 576 957 670 ἀπογραψαμένων
970 584 1062 663 ἔδοξε

85 687 132 770 τῇ
158 683 283 771 βουλή,
316 681 430 771 ἐπειδή
461 677 526 752 οὐκ
555 677 733 774 ἀξιόχρεως
756 671 800 769 ήν
825 678 844 753 ὁ
867 679 1096 770 ἀπόστολος,σ

89 782 265 872 ἐπιτρέψαι
283 791 441 854 Λατίνων
457 812 493 854 τε
511 785 566 854 καί
579 780 742 874 Ἑρνίκων
759 799 829 865 τοῖς
847 786 1063 873 βουλομένοις

86 888 149 971 τῆς
173 878 326 966 ἀποικίας
349 885 507 975 μετέχειν.
560 889 596 955 οἰ
615 885 679 974 μὲν
702 881 745 974 δή
769 892 817 966 εἰς
830 882 965 957 Ἄντιον
982 879 1063 954 ἄπο·

89 986 265 1068 σταλέντες
283 986 464 1076 κατένεμον
481 984 543 1075 τήν
560 993 626 1074 γῆν
642 1003 711 1069 τοῖς
729 988 918 1079 σφετέροις,
942 983 1064 1077 μοῖράν

88 1115 167 1156 τινα
191 1089 224 1169 ἰξ
248 1083 351 1175 αὐτῆς
373 1103 444 1170 τοῖς
458 1083 641 1170 Ἀντιοίταις
657 1083 925 1178 ὑπολειπόμενοι.
972 1090 1008 1158 έν
1026 1088 1064 1158 δὲ

91 1191 138 1281 τῷ
167 1185 290 1276 μεταξὺ
312 1185 422 1283 χρόνῳ
446 1197 602 1280 στρατεία
624 1193 692 1261 των
708 1185 849 1262 ὑπάτων
865 1186 1065 1281 ἀμφοτέρων
1082 1210 1115 1260 10

92 1289 242 1378 ἐγένετο,
268 1296 427 1379 Αἰμιλίου
444 1291 507 1380 μὲν
525 1297 573 1372 εἰς
590 1288 654 1378 τήν
670 1297 833 1380 Σαβίνων
850 1290 975 1384 χώραν,
995 1300 1064 1362 Φα-

91 1396 172 1477 βίου
190 1391 228 1460 δέ
247 1397 294 1473 εἰς
312 1389 374 1480 τήν
392 1395 560 1463 Αἰκανῶν.
607 1394 733 1486 καὶτῷ
758 1394 821 1482 μέν
837 1399 985 1485 Αἰμιλίῳ
1002 1419 1065 1462 πο-

91 1488 159 1560 λδν
183 1494 221 1561 έν
242 1495 283 1584 τῇ
307 1499 449 1587 πολεμίῳ
472 1500 623 1583 μείναντι
648 1491 772 1585 χρόνον
793 1490 936 1584 οὐδεμία
959 1490 1065 1562 δύνα-

2 1610 147 1682 191ομις
164 1589 335 1682 ὑπήντησε
352 1597 545 1684 μαχουμένη
568 1596 646 1684 περὶ
668 1601 727 1683 τῆς
744 1599 820 1685 γῆς
863 1590 939 1665 ἀλλ’
958 1591 1065 1676 ἆδεως

91 1689 201 1782 αὐτήν
217 1701 331 1786 κείρας
351 1692 466 1784 ἐπειδή
484 1694 668 1784 καθῆκεν
652 1723 671 1766 ο
688 1696 807 1788 χρόνος
824 1699 893 1766 τῶν
909 1691 1065 1787 ἆρχαιρε-
1084 1696 1117 1766 '15

91 1793 213 1866 σίων’
196 1798 305 1883 απήγε
321 1793 379 1876 τδις
397 1794 567 1887 δυναμεις.
613 1803 733 1890 Φαβίῳ
757 1800 795 1868 δὲ
818 1799 962 1867 Αἰκανοὶ
984 1799 1066 1886 πρὶν

93 1891 179 1979 ε’ίς
159 1926 311 1988 αναγκην
330 1900 445 1969 ἐλθεῖν
467 1903 621 1988 στρατιας
646 1892 930 1989 διαφθαρείσης
909 1928 929 1987 η
947 1901 1066 1988 τειχῶν

91 1994 324 2089 ἁλισκομένων
355 1998 666 2091 ἐπεκηρυκεύσαντο
690 2002 768 2090 περὶ
797 2004 987 2089 διαλλαγῶν
1010 2001 1064 2069 καί

91 2105 218 2189 φιλίας.
262 2095 280 2171 ὁ
305 2095 339 2171 δ’
358 2095 485 2183 ὕπατος
504 2099 568 2173 δύο
585 2130 621 2173 τε
634 2106 751 2194 μηνιόν
767 2099 892 2192 τροφὰς
910 2104 951 2193 πή
968 2125 1065 2191 στρα-

91 2204 148 2294 τιᾷ
177 2202 234 2271 καί
264 2199 326 2272 δύο
355 2205 497 2291 χιτῶνας
519 2199 593 2272 κατ’
618 2200 728 2294 ἄνδρα
750 2206 807 2273 καί
830 2199 992 2293 ἀργύριον
1019 2209 1066 2285 εἰς
1083 2222 1118 2272 20

1 2376 10 2385 ,
59 2354 66 2363 -
91 2298 312 2394 ὀψωνιασμὸν
347 2300 513 2392 ἑξαμήνου
543 2305 601 2373 καί
636 2313 671 2373 εἰ
696 2332 729 2372 τι
754 2298 847 2373 ἄλλο
866 2300 1067 2391 κατήπειγεν

93 2402 373 2495 εἰσπραξάμενος,
400 2401 523 2493 ἀνοχὰς
542 2402 717 2492 ἐποιήσατο
735 2399 817 2492 πρδς
841 2401 979 2493 αὐτούς,
1005 2406 1067 2485 ἕως

92 2498 138 2575 ἂν
156 2512 203 2587 εἰς
217 2503 344 2595 Ῥώμην
361 2502 559 2596 ἀφικόμενοι
575 2502 666 2595 παρὰ
683 2508 741 2594 τής
759 2507 883 2594 βουλής
898 2503 1065 2595 εὕρωνται

91 2604 152 2689 τὰς
180 2604 359 2689 διαλύσεις.
403 2605 425 2695 ἡ
449 2610 563 2697 μέντοι
586 2605 693 2697 βουλή
714 2610 820 2677 ταῦτα
842 2608 1003 2697 μαθοῦσα
1019 2612 1066 2697 τῷ

94 2715 215 2802 Φαβίῳ
246 2710 429 2833 ἐπέτρεψεν
464 2704 684 2798 αὐτοκράτορι
720 2705 950 2780 διαλύσασθαι
984 2703 1067 2799 πρὸς
1084 2726 1118 2777 15

91 2806 172 2891 τοδς
190 2806 380 2899 Αἰκανούς,
400 2806 453 2898 ἐφ’
474 2805 562 2891 οἰς
542 2837 586 2881 αν
603 2807 702 2892 αὐτὸς
726 2814 933 2901 προαιρῆται.
985 2805 1068 2897 μετὰ

92 2913 191 2981 τοῦτο
210 2917 386 2999 συνθῆκαι
410 2916 560 2999 γίνονται
582 2928 656 2993 ταῖς
678 2908 795 2983 πόλεσι
812 2908 1068 3032 μεσιτεύσαντος

93 3006 198 3093 αὐτὰς
214 3014 277 3083 τοῦ
292 3006 423 3083 υπολτου
440 3018 581 3083 τοιαίδε
603 3010 790 3139 Αἰκανρδς
799 3006 907 3081 εἰναι
903 3000 1068 3100 Ρωμαίων

92 3106 263 3202 υπηκόους
290 3112 402 3194 πόλεις
424 3142 461 3185 τε
483 3115 540 3184 καί
564 3111 673 3204 χώρας
695 3141 754 3194 τας
772 3115 903 3183 έαυτων
920 3118 1067 3236 ἔχοντας,

93 3209 313 3285 αποστέλλειν
331 3212 390 3285 δὲ
388 3222 551 3306 Ρωμαίοις
563 3210 702 3305 μηδέν’
682 3242 733 3284 οτι
746 3212 792 3303 μή
802 3211 974 3303 στρατιάν,
987 3241 1068 3283 οταν
1069 3233 1119 3308 -εο

94 3313 208 3397 αὐτοῖς
231 3319 468 3407 παραγγελθή,
499 3318 608 3387 τέλεσι
630 3330 700 3397 τοῖς
724 3321 823 3396 ἰδίοις
841 3317 1068 3403 ἐκπέμποντας

14 3414 237 3508 1911[αὐτιίς].
282 3420 387 3487 ταῦτα
404 3420 612 3507 συνθέμενος
629 3413 739 3506 ἀπῆγε
755 3413 818 3505 τήν
835 3413 981 3503 δύναμιν
1000 3410 1068 3485 Φολ-
