<?xml version="1.0" encoding="UTF-8"?>
<!DOCTYPE html PUBLIC "-//W3C//DTD XHTML 1.0 Transitional//EN"
    "http://www.w3.org/TR/xhtml1/DTD/xhtml1-transitional.dtd">
<html xmlns="http://www.w3.org/1999/xhtml" xml:lang="en" lang="en">
 <head>
  <title>
</title>
<meta http-equiv="Content-Type" content="text/html;charset=utf-8" />
  <meta name='ocr-system' content='tesseract 3.04.00' />
  <meta name='ocr-capabilities' content='ocr_page ocr_carea ocr_par ocr_line ocrx_word'/>
</head>
<body>
  <div class='ocr_page' id='page_1' title='image "./dionysihalicarn01kiesgoog/dionysihalicarn01kiesgoog_0280.png"; bbox 0 0 2384 3850; ppageno 0'>
   <div class='ocr_carea' id='block_1_1' title="bbox 548 91 749 152">
    <p class='ocr_par' dir='ltr' id='par_1_1' title="bbox 548 91 749 152">
     <span class='ocr_line' id='line_1_1' title="bbox 548 91 749 152; baseline 0.005 -17"><span class='ocrx_word' id='word_1_1' title='bbox 548 91 749 152; x_wconf 72' lang='grc' dir='ltr'><strong><em>,ς-</em></strong></span> 
     </span>
    </p>
   </div>
   <div class='ocr_carea' id='block_1_2' title="bbox 53 258 1189 3504">
    <p class='ocr_par' dir='ltr' id='par_1_2' title="bbox 110 258 1189 2285">
     <span class='ocr_line' id='line_1_2' title="bbox 162 258 1138 353; baseline -0.003 -17"><span class='ocrx_word' id='word_1_2' title='bbox 162 268 286 352; x_wconf 85' lang='grc' dir='ltr'><strong><em>πολλής</em></strong></span> <span class='ocrx_word' id='word_1_3' title='bbox 321 264 508 353; x_wconf 77' lang='grc' dir='ltr'><strong><em>γινομένοις</em></strong></span> <span class='ocrx_word' id='word_1_4' title='bbox 547 258 748 351; x_wconf 76' lang='grc' dir='ltr'><em>ἀναγκάζειν</em></span> <span class='ocrx_word' id='word_1_5' title='bbox 787 258 938 351; x_wconf 80' lang='grc' dir='ltr'><strong><em>άγαθοδς</em></strong></span> <span class='ocrx_word' id='word_1_6' title='bbox 972 262 1138 352; x_wconf 74' lang='grc' dir='ltr'><strong><em>γενέσθαι</em></strong></span> 
     </span>
     <span class='ocr_line' id='line_1_3' title="bbox 161 364 1138 454; baseline -0.001 -18"><span class='ocrx_word' id='word_1_7' title='bbox 161 364 240 447; x_wconf 82' lang='grc' dir='ltr'><strong><em>τοδς</em></strong></span> <span class='ocrx_word' id='word_1_8' title='bbox 276 367 437 449; x_wconf 80' lang='grc' dir='ltr'><strong><em>ἑκουσίως</em></strong></span> <span class='ocrx_word' id='word_1_9' title='bbox 468 364 555 435; x_wconf 76' lang='grc' dir='ltr'><strong><em>εἶναι</em></strong></span> <span class='ocrx_word' id='word_1_10' title='bbox 588 364 634 454; x_wconf 84' lang='grc' dir='ltr'><strong><em>μή</em></strong></span> <span class='ocrx_word' id='word_1_11' title='bbox 666 366 901 454; x_wconf 77' lang='grc' dir='ltr'><strong><em>βουλομένους.</em></strong></span> <span class='ocrx_word' id='word_1_12' title='bbox 946 366 1138 454; x_wconf 89' lang='grc' dir='ltr'><strong><em>γινομένων</em></strong></span> 
     </span>
     <span class='ocr_line' id='line_1_4' title="bbox 162 462 1138 559; baseline -0.002 -21"><span class='ocrx_word' id='word_1_13' title='bbox 162 465 228 559; x_wconf 86' lang='grc' dir='ltr'><strong><em>γάρ</em></strong></span> <span class='ocrx_word' id='word_1_14' title='bbox 261 464 403 555; x_wconf 74' lang='grc' dir='ltr'><strong><em>τούτων,</em></strong></span> <span class='ocrx_word' id='word_1_15' title='bbox 438 464 562 549; x_wconf 83' lang='grc' dir='ltr'><strong><em>πολλάς</em></strong></span> <span class='ocrx_word' id='word_1_16' title='bbox 597 469 734 549; x_wconf 87' lang='grc' dir='ltr'><strong><em>ἐλπίδας</em></strong></span> <span class='ocrx_word' id='word_1_17' title='bbox 771 466 862 556; x_wconf 80' lang='grc' dir='ltr'><strong><em>εἶχον</em></strong></span> <span class='ocrx_word' id='word_1_18' title='bbox 895 462 988 555; x_wconf 81' lang='grc' dir='ltr'><strong><em>ήξειυ</em></strong></span> <span class='ocrx_word' id='word_1_19' title='bbox 1012 468 1068 536; x_wconf 78' lang='grc' dir='ltr'><strong><em>ἐπὶ</em></strong></span> <span class='ocrx_word' id='word_1_20' title='bbox 1099 466 1138 537; x_wconf 88' lang='grc' dir='ltr'><strong><em>τὸ</em></strong></span> 
     </span>
     <span class='ocr_line' id='line_1_5' title="bbox 162 563 1138 659; baseline -0.002 -19"><span class='ocrx_word' id='word_1_21' title='bbox 162 567 363 659; x_wconf 78' lang='grc' dir='ltr'><strong><em>στρατήγιον</em></strong></span> <span class='ocrx_word' id='word_1_22' title='bbox 391 566 541 650; x_wconf 75' lang='grc' dir='ltr'><strong><em>ἅπαντας</em></strong></span> <span class='ocrx_word' id='word_1_23' title='bbox 564 563 837 657; x_wconf 73' lang='grc' dir='ltr'><strong><em>ἀγανακτοῦντας</em></strong></span> <span class='ocrx_word' id='word_1_24' title='bbox 860 571 916 638; x_wconf 80' lang='grc' dir='ltr'><strong><em>καὶ</em></strong></span> <span class='ocrx_word' id='word_1_25' title='bbox 938 571 1138 655; x_wconf 74' lang='grc' dir='ltr'><strong><em>καταβοῶν-</em></strong></span> 
     </span>
     <span class='ocr_line' id='line_1_6' title="bbox 127 666 1139 760; baseline -0.004 -18"><span class='ocrx_word' id='word_1_26' title='bbox 127 694 221 754; x_wconf 82' lang='grc' dir='ltr'><strong><em>στας</em></strong></span> <span class='ocrx_word' id='word_1_27' title='bbox 248 673 305 742; x_wconf 79' lang='grc' dir='ltr'><strong><em>καὶ</em></strong></span> <span class='ocrx_word' id='word_1_28' title='bbox 335 667 533 751; x_wconf 75' lang='grc' dir='ltr'><strong><em>κελεύοντας</em></strong></span> <span class='ocrx_word' id='word_1_29' title='bbox 563 667 722 760; x_wconf 76' lang='grc' dir='ltr'><strong><em>ήγετσδαι</em></strong></span> <span class='ocrx_word' id='word_1_30' title='bbox 746 673 844 759; x_wconf 78' lang='grc' dir='ltr'><strong><em>σφων</em></strong></span> <span class='ocrx_word' id='word_1_31' title='bbox 868 673 922 741; x_wconf 82' lang='grc' dir='ltr'><strong><em>ἐπὶ</em></strong></span> <span class='ocrx_word' id='word_1_32' title='bbox 939 666 1017 752; x_wconf 85' lang='grc' dir='ltr'><strong><em>τοδς</em></strong></span> <span class='ocrx_word' id='word_1_33' title='bbox 1036 679 1139 741; x_wconf 86' lang='grc' dir='ltr'><strong><em>πολε-</em></strong></span> 
     </span>
     <span class='ocr_line' id='line_1_7' title="bbox 161 767 1150 863; baseline -0.004 -20"><span class='ocrx_word' id='word_1_34' title='bbox 161 782 276 863; x_wconf 85' lang='grc' dir='ltr'><strong><em>μίους·</em></strong></span> <span class='ocrx_word' id='word_1_35' title='bbox 302 771 385 861; x_wconf 83' lang='grc' dir='ltr'><strong><em>ὅπερ</em></strong></span> <span class='ocrx_word' id='word_1_36' title='bbox 403 774 460 843; x_wconf 82' lang='grc' dir='ltr'><strong><em>καὶ</em></strong></span> <span class='ocrx_word' id='word_1_37' title='bbox 484 774 622 861; x_wconf 89' lang='grc' dir='ltr'><strong><em>συνέβη.</em></strong></span> <span class='ocrx_word' id='word_1_38' title='bbox 660 767 704 854; x_wconf 79' lang='grc' dir='ltr'><strong><em>άς</em></strong></span> <span class='ocrx_word' id='word_1_39' title='bbox 727 770 791 863; x_wconf 86' lang='grc' dir='ltr'><strong><em>γάρ</em></strong></span> <span class='ocrx_word' id='word_1_40' title='bbox 815 768 958 862; x_wconf 85' lang='grc' dir='ltr'><strong><em>ήρξαυτο</em></strong></span> <span class='ocrx_word' id='word_1_41' title='bbox 984 770 1044 851; x_wconf 84' lang='grc' dir='ltr'><strong><em>τάς</em></strong></span> <span class='ocrx_word' id='word_1_42' title='bbox 1065 769 1150 855; x_wconf 63' lang='lat'><strong><em>3302,</em></strong></span> 
     </span>
     <span class='ocr_line' id='line_1_8' title="bbox 163 869 1140 967; baseline -0.004 -20"><span class='ocrx_word' id='word_1_43' title='bbox 163 882 244 958; x_wconf 89' lang='grc' dir='ltr'><strong><em>δους</em></strong></span> <span class='ocrx_word' id='word_1_44' title='bbox 258 877 319 946; x_wconf 81' lang='grc' dir='ltr'><strong><em>του</em></strong></span> <span class='ocrx_word' id='word_1_45' title='bbox 336 871 479 967; x_wconf 85' lang='grc' dir='ltr'><strong><em>’χάρακος</em></strong></span> <span class='ocrx_word' id='word_1_46' title='bbox 497 869 748 965; x_wconf 78' lang='grc' dir='ltr'><strong><em>ἀποταφρεύειν</em></strong></span> <span class='ocrx_word' id='word_1_47' title='bbox 765 900 802 943; x_wconf 90' lang='grc' dir='ltr'><strong><em>τε</em></strong></span> <span class='ocrx_word' id='word_1_48' title='bbox 819 876 876 943; x_wconf 82' lang='grc' dir='ltr'><strong><em>καὶ</em></strong></span> <span class='ocrx_word' id='word_1_49' title='bbox 898 871 1140 963; x_wconf 79' lang='grc' dir='ltr'><strong><em>ἀποσταυροῦν</em></strong></span> 
     </span>
     <span class='ocr_line' id='line_1_9' title="bbox 162 970 1189 1068; baseline -0.001 -22"><span class='ocrx_word' id='word_1_50' title='bbox 162 981 198 1046; x_wconf 89' lang='grc' dir='ltr'><strong><em>οί</em></strong></span> <span class='ocrx_word' id='word_1_51' title='bbox 219 979 381 1065; x_wconf 86' lang='grc' dir='ltr'><strong><em>πολέμιοι,</em></strong></span> <span class='ocrx_word' id='word_1_52' title='bbox 406 973 757 1066; x_wconf 80' lang='grc' dir='ltr'><strong><em>δυσανασχετήσαντες</em></strong></span> <span class='ocrx_word' id='word_1_53' title='bbox 780 979 816 1045; x_wconf 77' lang='grc' dir='ltr'><strong><em>ολ</em></strong></span> <span class='ocrx_word' id='word_1_54' title='bbox 831 970 986 1065; x_wconf 76' lang='grc' dir='ltr'><strong><em>Ῥωματοι</em></strong></span> <span class='ocrx_word' id='word_1_55' title='bbox 1011 976 1066 1045; x_wconf 82' lang='grc' dir='ltr'><strong><em>ἐπὶ</em></strong></span> <span class='ocrx_word' id='word_1_56' title='bbox 1090 978 1139 1068; x_wconf 78' lang='grc' dir='ltr'><strong><em>τῷ</em></strong></span> <span class='ocrx_word' id='word_1_57' title='bbox 1150 995 1189 1045; x_wconf 64' lang='grc' dir='ltr'><strong><em>1ος</em></strong></span> 
     </span>
     <span class='ocr_line' id='line_1_10' title="bbox 163 1073 1140 1170; baseline 0 -24"><span class='ocrx_word' id='word_1_58' title='bbox 163 1084 266 1170; x_wconf 78' lang='grc' dir='ltr'><strong><em>ἔργω,</em></strong></span> <span class='ocrx_word' id='word_1_59' title='bbox 292 1079 374 1158; x_wconf 81' lang='grc' dir='ltr'><strong><em>τέως</em></strong></span> <span class='ocrx_word' id='word_1_60' title='bbox 391 1078 454 1165; x_wconf 75' lang='grc' dir='ltr'><strong><em>μέν</em></strong></span> <span class='ocrx_word' id='word_1_61' title='bbox 471 1074 542 1147; x_wconf 90' lang='grc' dir='ltr'><strong><em>κατ’</em></strong></span> <span class='ocrx_word' id='word_1_62' title='bbox 569 1078 721 1165; x_wconf 80' lang='grc' dir='ltr'><strong><em>ὀλίγους,</em></strong></span> <span class='ocrx_word' id='word_1_63' title='bbox 754 1082 866 1148; x_wconf 83' lang='grc' dir='ltr'><strong><em>ἔπειτα</em></strong></span> <span class='ocrx_word' id='word_1_64' title='bbox 900 1073 1022 1167; x_wconf 81' lang='grc' dir='ltr'><strong><em>ἀθρόοι</em></strong></span> <span class='ocrx_word' id='word_1_65' title='bbox 1051 1096 1140 1146; x_wconf 91' lang='grc' dir='ltr'><strong><em>συν-</em></strong></span> 
     </span>
     <span class='ocr_line' id='line_1_11' title="bbox 112 1174 1140 1268; baseline -0.002 -19"><span class='ocrx_word' id='word_1_66' title='bbox 112 1201 144 1249; x_wconf 87' lang='lat'><strong><em>10</em></strong></span> <span class='ocrx_word' id='word_1_67' title='bbox 161 1180 333 1268; x_wconf 81' lang='grc' dir='ltr'><strong><em>τρέχοντες</em></strong></span> <span class='ocrx_word' id='word_1_68' title='bbox 357 1180 412 1248; x_wconf 79' lang='grc' dir='ltr'><strong><em>ἐπί</em></strong></span> <span class='ocrx_word' id='word_1_69' title='bbox 427 1176 486 1259; x_wconf 87' lang='grc' dir='ltr'><strong><em>τάς</em></strong></span> <span class='ocrx_word' id='word_1_70' title='bbox 503 1176 628 1268; x_wconf 85' lang='grc' dir='ltr'><strong><em>σκηνάς</em></strong></span> <span class='ocrx_word' id='word_1_71' title='bbox 646 1181 714 1248; x_wconf 79' lang='grc' dir='ltr'><strong><em>των</em></strong></span> <span class='ocrx_word' id='word_1_72' title='bbox 730 1176 886 1267; x_wconf 81' lang='grc' dir='ltr'><strong><em>ὑπάτων,</em></strong></span> <span class='ocrx_word' id='word_1_73' title='bbox 911 1174 1140 1267; x_wconf 86' lang='grc' dir='ltr'><strong><em>ἐκεκράγεσάν</em></strong></span> 
     </span>
     <span class='ocr_line' id='line_1_12' title="bbox 162 1272 1137 1370; baseline -0.001 -21"><span class='ocrx_word' id='word_1_74' title='bbox 162 1308 198 1350; x_wconf 85' lang='grc' dir='ltr'><strong><em>τε</em></strong></span> <span class='ocrx_word' id='word_1_75' title='bbox 216 1282 274 1350; x_wconf 82' lang='grc' dir='ltr'><strong><em>καὶ</em></strong></span> <span class='ocrx_word' id='word_1_76' title='bbox 286 1285 472 1370; x_wconf 77' lang='grc' dir='ltr'><strong><em>προδοσίαν</em></strong></span> <span class='ocrx_word' id='word_1_77' title='bbox 485 1277 599 1362; x_wconf 68' lang='grc' dir='ltr'><strong><em>αὐτοῖς</em></strong></span> <span class='ocrx_word' id='word_1_78' title='bbox 613 1276 804 1369; x_wconf 86' lang='grc' dir='ltr'><strong><em>ἐνεκάλουν,</em></strong></span> <span class='ocrx_word' id='word_1_79' title='bbox 820 1280 875 1349; x_wconf 82' lang='grc' dir='ltr'><strong><em>καὶ</em></strong></span> <span class='ocrx_word' id='word_1_80' title='bbox 887 1286 919 1349; x_wconf 82' lang='grc' dir='ltr'><strong><em>εἰ</em></strong></span> <span class='ocrx_word' id='word_1_81' title='bbox 930 1276 976 1369; x_wconf 93' lang='grc' dir='ltr'><strong><em>μή</em></strong></span> <span class='ocrx_word' id='word_1_82' title='bbox 989 1306 1040 1361; x_wconf 87' lang='grc' dir='ltr'><strong><em>τις</em></strong></span> <span class='ocrx_word' id='word_1_83' title='bbox 1052 1272 1137 1369; x_wconf 87' lang='grc' dir='ltr'><strong><em>ήγή-</em></strong></span> 
     </span>
     <span class='ocr_line' id='line_1_13' title="bbox 162 1378 1138 1471; baseline 0 -20"><span class='ocrx_word' id='word_1_84' title='bbox 162 1402 256 1452; x_wconf 84' lang='grc' dir='ltr'><strong><em>σεται</em></strong></span> <span class='ocrx_word' id='word_1_85' title='bbox 274 1389 370 1471; x_wconf 87' lang='grc' dir='ltr'><strong><em>σφίσι</em></strong></span> <span class='ocrx_word' id='word_1_86' title='bbox 388 1384 446 1470; x_wconf 84' lang='grc' dir='ltr'><strong><em>της</em></strong></span> <span class='ocrx_word' id='word_1_87' title='bbox 460 1379 589 1470; x_wconf 80' lang='grc' dir='ltr'><strong><em>ἐξόδου,</em></strong></span> <span class='ocrx_word' id='word_1_88' title='bbox 609 1388 686 1471; x_wconf 89' lang='grc' dir='ltr'><strong><em>δίχα</em></strong></span> <span class='ocrx_word' id='word_1_89' title='bbox 705 1384 845 1453; x_wconf 84' lang='grc' dir='ltr'><strong><em>ἐκείνων</em></strong></span> <span class='ocrx_word' id='word_1_90' title='bbox 862 1378 957 1452; x_wconf 78' lang='grc' dir='ltr'><strong><em>αὐτοὶ</em></strong></span> <span class='ocrx_word' id='word_1_91' title='bbox 981 1378 1022 1451; x_wconf 86' lang='grc' dir='ltr'><strong><em>τά</em></strong></span> <span class='ocrx_word' id='word_1_92' title='bbox 1045 1378 1138 1451; x_wconf 83' lang='grc' dir='ltr'><strong><em>ὅπλα</em></strong></span> 
     </span>
     <span class='ocr_line' id='line_1_14' title="bbox 162 1478 1137 1573; baseline -0.001 -20"><span class='ocrx_word' id='word_1_93' title='bbox 162 1489 293 1573; x_wconf 80' lang='grc' dir='ltr'><strong><em>ἔχοντες</em></strong></span> <span class='ocrx_word' id='word_1_94' title='bbox 312 1485 365 1554; x_wconf 81' lang='grc' dir='ltr'><strong><em>ἐπὶ</em></strong></span> <span class='ocrx_word' id='word_1_95' title='bbox 382 1481 462 1565; x_wconf 77' lang='grc' dir='ltr'><strong><em>τούς</em></strong></span> <span class='ocrx_word' id='word_1_96' title='bbox 479 1490 659 1573; x_wconf 89' lang='grc' dir='ltr'><strong><em>πολεμίους</em></strong></span> <span class='ocrx_word' id='word_1_97' title='bbox 677 1488 794 1572; x_wconf 80' lang='grc' dir='ltr'><strong><em>ἔλεγον</em></strong></span> <span class='ocrx_word' id='word_1_98' title='bbox 812 1479 1055 1567; x_wconf 79' lang='grc' dir='ltr'><strong><em>ἐξελεύσεσθαι.</em></strong></span> <span class='ocrx_word' id='word_1_99' title='bbox 1091 1478 1137 1565; x_wconf 71' lang='grc' dir='ltr'><strong><em>ὥς</em></strong></span> 
     </span>
     <span class='ocr_line' id='line_1_15' title="bbox 163 1580 1137 1675; baseline 0.002 -22"><span class='ocrx_word' id='word_1_100' title='bbox 163 1582 197 1653; x_wconf 92' lang='grc' dir='ltr'><strong><em>δ’</em></strong></span> <span class='ocrx_word' id='word_1_101' title='bbox 219 1588 252 1669; x_wconf 82' lang='grc' dir='ltr'><strong><em>ἐξ</em></strong></span> <span class='ocrx_word' id='word_1_102' title='bbox 269 1580 431 1657; x_wconf 77' lang='grc' dir='ltr'><strong><em>ἁπάντων</em></strong></span> <span class='ocrx_word' id='word_1_103' title='bbox 454 1589 581 1674; x_wconf 85' lang='grc' dir='ltr'><strong><em>ἐγίνετο</em></strong></span> <span class='ocrx_word' id='word_1_104' title='bbox 604 1588 721 1673; x_wconf 81' lang='grc' dir='ltr'><strong><em>τουτο,</em></strong></span> <span class='ocrx_word' id='word_1_105' title='bbox 747 1600 904 1675; x_wconf 69' lang='grc' dir='ltr'><strong><em>παρεῖναι</em></strong></span> <span class='ocrx_word' id='word_1_106' title='bbox 926 1583 986 1655; x_wconf 84' lang='grc' dir='ltr'><strong><em>τὸν</em></strong></span> <span class='ocrx_word' id='word_1_107' title='bbox 1011 1582 1137 1675; x_wconf 86' lang='grc' dir='ltr'><strong><em>χρόνον</em></strong></span> 
     </span>
     <span class='ocr_line' id='line_1_16' title="bbox 112 1681 1137 1778; baseline 0.001 -21"><span class='ocrx_word' id='word_1_108' title='bbox 112 1710 145 1758; x_wconf 81' lang='grc' dir='ltr'><strong><em>ιε</em></strong></span> <span class='ocrx_word' id='word_1_109' title='bbox 164 1681 205 1757; x_wconf 80' lang='grc' dir='ltr'><strong><em>δν</em></strong></span> <span class='ocrx_word' id='word_1_110' title='bbox 239 1690 439 1778; x_wconf 82' lang='grc' dir='ltr'><strong><em>περιέμενον</em></strong></span> <span class='ocrx_word' id='word_1_111' title='bbox 464 1692 500 1758; x_wconf 78' lang='grc' dir='ltr'><strong><em>οἱ</em></strong></span> <span class='ocrx_word' id='word_1_112' title='bbox 524 1689 703 1777; x_wconf 78' lang='grc' dir='ltr'><strong><em>στρατηγοὶ</em></strong></span> <span class='ocrx_word' id='word_1_113' title='bbox 730 1694 944 1776; x_wconf 90' lang='grc' dir='ltr'><strong><em>νομίσαντες,</em></strong></span> <span class='ocrx_word' id='word_1_114' title='bbox 978 1686 1137 1757; x_wconf 86' lang='grc' dir='ltr'><strong><em>ἐκέλευον</em></strong></span> 
     </span>
     <span class='ocr_line' id='line_1_17' title="bbox 161 1783 1133 1878; baseline 0.001 -21"><span class='ocrx_word' id='word_1_115' title='bbox 161 1805 231 1867; x_wconf 81' lang='grc' dir='ltr'><strong><em>τοῖς</em></strong></span> <span class='ocrx_word' id='word_1_116' title='bbox 254 1783 435 1878; x_wconf 73' lang='grc' dir='ltr'><strong><em>ὑπηρέταις</em></strong></span> <span class='ocrx_word' id='word_1_117' title='bbox 458 1797 641 1878; x_wconf 83' lang='grc' dir='ltr'><strong><em>συγκαλεῖν</em></strong></span> <span class='ocrx_word' id='word_1_118' title='bbox 665 1787 700 1858; x_wconf 86' lang='grc' dir='ltr'><strong><em>τὸ</em></strong></span> <span class='ocrx_word' id='word_1_119' title='bbox 718 1791 847 1877; x_wconf 80' lang='grc' dir='ltr'><strong><em>πλῆθος</em></strong></span> <span class='ocrx_word' id='word_1_120' title='bbox 869 1795 916 1868; x_wconf 84' lang='grc' dir='ltr'><strong><em>εἰς</em></strong></span> <span class='ocrx_word' id='word_1_121' title='bbox 936 1790 1133 1876; x_wconf 88' lang='grc' dir='ltr'><strong><em>ἐκκλησίαν·</em></strong></span> 
     </span>
     <span class='ocr_line' id='line_1_18' title="bbox 162 1887 800 1979; baseline 0.002 -20"><span class='ocrx_word' id='word_1_122' title='bbox 162 1893 218 1960; x_wconf 82' lang='grc' dir='ltr'><strong><em>καὶ</em></strong></span> <span class='ocrx_word' id='word_1_123' title='bbox 236 1890 416 1976; x_wconf 73' lang='grc' dir='ltr'><strong><em>προελθὼν</em></strong></span> <span class='ocrx_word' id='word_1_124' title='bbox 435 1888 561 1979; x_wconf 85' lang='grc' dir='ltr'><strong><em>Φάβιος</em></strong></span> <span class='ocrx_word' id='word_1_125' title='bbox 579 1887 693 1962; x_wconf 79' lang='grc' dir='ltr'><strong><em>τοιάδε</em></strong></span> <span class='ocrx_word' id='word_1_126' title='bbox 711 1891 800 1962; x_wconf 79' lang='grc' dir='ltr'><strong><em>εἶπε·</em></strong></span> 
     </span>
     <span class='ocr_line' id='line_1_19' title="bbox 238 1987 1135 2082; baseline 0.003 -25"><span class='ocrx_word' id='word_1_127' title='bbox 238 1991 338 2062; x_wconf 84' lang='lat' dir='ltr'>Vssss.</span> <span class='ocrx_word' id='word_1_128' title='bbox 366 1997 515 2079; x_wconf 83' lang='grc' dir='ltr'><strong><em>Βραδεῑα</em></strong></span> <span class='ocrx_word' id='word_1_129' title='bbox 532 1993 594 2081; x_wconf 70' lang='grc' dir='ltr'><strong><em>μέν</em></strong></span> <span class='ocrx_word' id='word_1_130' title='bbox 613 1991 634 2081; x_wconf 89' lang='grc' dir='ltr'><strong><em>ή</em></strong></span> <span class='ocrx_word' id='word_1_131' title='bbox 653 1989 875 2082; x_wconf 76' lang='grc' dir='ltr'><strong><em>ἀγανάκτησις</em></strong></span> <span class='ocrx_word' id='word_1_132' title='bbox 892 1987 989 2081; x_wconf 81' lang='grc' dir='ltr'><strong><em>δμων</em></strong></span> <span class='ocrx_word' id='word_1_133' title='bbox 1005 1998 1135 2080; x_wconf 86' lang='grc' dir='ltr'><strong><em>γίνεται</em></strong></span> 
     </span>
     <span class='ocr_line' id='line_1_20' title="bbox 162 2082 1136 2184; baseline 0 -22"><span class='ocrx_word' id='word_1_134' title='bbox 162 2095 239 2181; x_wconf 83' lang='grc' dir='ltr'><strong><em>περὶ</em></strong></span> <span class='ocrx_word' id='word_1_135' title='bbox 257 2082 306 2163; x_wconf 76' lang='grc' dir='ltr'><strong><em>οδν</em></strong></span> <span class='ocrx_word' id='word_1_136' title='bbox 318 2087 499 2181; x_wconf 72' lang='grc' dir='ltr'><strong><em>ὑβρίζεσθε</em></strong></span> <span class='ocrx_word' id='word_1_137' title='bbox 515 2087 582 2163; x_wconf 78' lang='grc' dir='ltr'><strong><em>ὑπὸ</em></strong></span> <span class='ocrx_word' id='word_1_138' title='bbox 599 2101 667 2165; x_wconf 74' lang='grc' dir='ltr'><strong><em>τῶν</em></strong></span> <span class='ocrx_word' id='word_1_139' title='bbox 685 2101 870 2184; x_wconf 86' lang='grc' dir='ltr'><strong><em>πολεμίων,</em></strong></span> <span class='ocrx_word' id='word_1_140' title='bbox 891 2090 1013 2181; x_wconf 79' lang='grc' dir='ltr'><strong><em>ἄνδρες</em></strong></span> <span class='ocrx_word' id='word_1_141' title='bbox 1033 2113 1136 2183; x_wconf 91' lang='grc' dir='ltr'><strong><em>στρα-</em></strong></span> 
     </span>
     <span class='ocr_line' id='line_1_21' title="bbox 110 2189 1137 2321; baseline 0.001 -58"><span class='ocrx_word' id='word_1_142' title='bbox 110 2215 145 2264; x_wconf 77' lang='lat'><strong><em>20</em></strong></span> <span class='ocrx_word' id='word_1_143' title='bbox 162 2197 281 2265; x_wconf 79' lang='grc' dir='ltr'><strong><em>τιῶταί</em></strong></span> <span class='ocrx_word' id='word_1_144' title='bbox 298 2222 335 2266; x_wconf 90' lang='grc' dir='ltr'><strong><em>τε</em></strong></span> <span class='ocrx_word' id='word_1_145' title='bbox 358 2197 414 2264; x_wconf 81' lang='grc' dir='ltr'><strong><em>καὶ</em></strong></span> <span class='ocrx_word' id='word_1_146' title='bbox 418 2189 617 2321; x_wconf 79' lang='grc' dir='ltr'><strong><em>ἡγεμόνες·</em></strong></span> <span class='ocrx_word' id='word_1_147' title='bbox 660 2195 787 2266; x_wconf 84' lang='grc' dir='ltr'><strong><em>καὶτὸ</em></strong></span> <span class='ocrx_word' id='word_1_148' title='bbox 813 2193 1019 2319; x_wconf 74' lang='grc' dir='ltr'><strong><em>βουλήμενον</em></strong></span> <span class='ocrx_word' id='word_1_149' title='bbox 1056 2192 1137 2264; x_wconf 84' lang='grc' dir='ltr'><strong><em>ἑκά-</em></strong></span> 
     </span>
    </p>

    <p class='ocr_par' dir='ltr' id='par_1_3' title="bbox 53 2293 1136 2692">
     <span class='ocr_line' id='line_1_22' title="bbox 53 2293 1135 2388; baseline 0 -21"><span class='ocrx_word' id='word_1_150' title='bbox 53 2369 56 2375; x_wconf 75' lang='grc'><strong><em>,</em></strong></span> <span class='ocrx_word' id='word_1_151' title='bbox 162 2318 243 2367; x_wconf 90' lang='grc' dir='ltr'><strong><em>στου</em></strong></span> <span class='ocrx_word' id='word_1_152' title='bbox 267 2314 389 2388; x_wconf 84' lang='grc' dir='ltr'><strong><em>χωρεῖν</em></strong></span> <span class='ocrx_word' id='word_1_153' title='bbox 412 2293 513 2387; x_wconf 88' lang='grc' dir='ltr'><strong><em>ὁμόσε</em></strong></span> <span class='ocrx_word' id='word_1_154' title='bbox 536 2312 605 2380; x_wconf 80' lang='grc' dir='ltr'><strong><em>τοῖς</em></strong></span> <span class='ocrx_word' id='word_1_155' title='bbox 629 2300 792 2378; x_wconf 87' lang='grc' dir='ltr'><strong><em>ἐναντίοις</em></strong></span> <span class='ocrx_word' id='word_1_156' title='bbox 826 2294 913 2367; x_wconf 83' lang='grc' dir='ltr'><strong><em>πολδ</em></strong></span> <span class='ocrx_word' id='word_1_157' title='bbox 948 2303 1009 2366; x_wconf 85' lang='grc' dir='ltr'><strong><em>τοῦ</em></strong></span> <span class='ocrx_word' id='word_1_158' title='bbox 1042 2298 1135 2368; x_wconf 78' lang='grc' dir='ltr'><strong><em>δέον</em></strong></span> 
     </span>
     <span class='ocr_line' id='line_1_23' title="bbox 161 2396 1136 2524; baseline 0 -56"><span class='ocrx_word' id='word_1_159' title='bbox 161 2426 216 2480; x_wconf 90' lang='grc' dir='ltr'><strong><em>τος</em></strong></span> <span class='ocrx_word' id='word_1_160' title='bbox 244 2398 387 2490; x_wconf 75' lang='grc' dir='ltr'><strong><em>ὕστερον</em></strong></span> <span class='ocrx_word' id='word_1_161' title='bbox 408 2397 627 2524; x_wconf 81' lang='grc' dir='ltr'><strong><em>φμινόμενον</em></strong></span> <span class='ocrx_word' id='word_1_162' title='bbox 658 2396 770 2490; x_wconf 83' lang='grc' dir='ltr'><strong><em>άωρόν</em></strong></span> <span class='ocrx_word' id='word_1_163' title='bbox 800 2400 877 2469; x_wconf 89' lang='grc' dir='ltr'><strong><em>ἐστι</em></strong></span> <span class='ocrx_word' id='word_1_164' title='bbox 932 2402 1136 2488; x_wconf 89' lang='grc' dir='ltr'><strong><em>παλαίτερον</em></strong></span> 
     </span>
     <span class='ocr_line' id='line_1_24' title="bbox 161 2495 1136 2625; baseline 0.001 -56"><span class='ocrx_word' id='word_1_165' title='bbox 161 2499 225 2625; x_wconf 86' lang='grc' dir='ltr'><strong><em>γὰρ</em></strong></span> <span class='ocrx_word' id='word_1_166' title='bbox 244 2507 292 2572; x_wconf 84' lang='grc' dir='ltr'><strong><em>ἔτι</em></strong></span> <span class='ocrx_word' id='word_1_167' title='bbox 313 2495 416 2571; x_wconf 76' lang='grc' dir='ltr'><strong><em>τοῦδ’</em></strong></span> <span class='ocrx_word' id='word_1_168' title='bbox 424 2499 527 2590; x_wconf 75' lang='grc' dir='ltr'><strong><em>,ὑμᾶς</em></strong></span> <span class='ocrx_word' id='word_1_169' title='bbox 545 2506 614 2571; x_wconf 88' lang='grc' dir='ltr'><strong><em>ἐδει</em></strong></span> <span class='ocrx_word' id='word_1_170' title='bbox 637 2499 812 2590; x_wconf 88' lang='grc' dir='ltr'><strong><em>πράττειν,</em></strong></span> <span class='ocrx_word' id='word_1_171' title='bbox 836 2496 891 2570; x_wconf 80' lang='grc' dir='ltr'><strong><em>ὅτε</em></strong></span> <span class='ocrx_word' id='word_1_172' title='bbox 913 2503 1049 2590; x_wconf 78' lang='grc' dir='ltr'><strong><em>πρῶτον</em></strong></span> <span class='ocrx_word' id='word_1_173' title='bbox 1074 2496 1136 2570; x_wconf 80' lang='grc' dir='ltr'><strong><em>αὐ-</em></strong></span> 
     </span>
     <span class='ocr_line' id='line_1_25' title="bbox 161 2598 1135 2725; baseline -0.001 -54"><span class='ocrx_word' id='word_1_174' title='bbox 161 2601 239 2682; x_wconf 81' lang='grc' dir='ltr'><strong><em>τούς</em></strong></span> <span class='ocrx_word' id='word_1_175' title='bbox 273 2608 380 2672; x_wconf 81' lang='grc' dir='ltr'><strong><em>είδετε</em></strong></span> <span class='ocrx_word' id='word_1_176' title='bbox 409 2605 713 2690; x_wconf 87' lang='grc' dir='ltr'><strong><em>καταβαίνονταςέ</em></strong></span> <span class='ocrx_word' id='word_1_177' title='bbox 714 2629 734 2670; x_wconf 93' lang='grc' dir='ltr'><strong><em>κ</em></strong></span> <span class='ocrx_word' id='word_1_178' title='bbox 768 2605 837 2673; x_wconf 80' lang='grc' dir='ltr'><strong><em>τῶν</em></strong></span> <span class='ocrx_word' id='word_1_179' title='bbox 842 2598 1045 2725; x_wconf 78' lang='grc' dir='ltr'><strong><em>ἐρυμάτων</em></strong></span> <span class='ocrx_word' id='word_1_180' title='bbox 1081 2603 1135 2672; x_wconf 78' lang='grc' dir='ltr'><strong><em>καὶ</em></strong></span> 
     </span>
    </p>

    <p class='ocr_par' dir='ltr' id='par_1_4' title="bbox 110 2699 1185 3198">
     <span class='ocr_line' id='line_1_26' title="bbox 110 2699 1136 2794; baseline 0.003 -25"><span class='ocrx_word' id='word_1_181' title='bbox 110 2721 143 2769; x_wconf 77' lang='lat'><strong><em>25</em></strong></span> <span class='ocrx_word' id='word_1_182' title='bbox 161 2700 267 2790; x_wconf 80' lang='grc' dir='ltr'><strong><em>μάχης</em></strong></span> <span class='ocrx_word' id='word_1_183' title='bbox 289 2699 404 2791; x_wconf 76' lang='grc' dir='ltr'><strong><em>ἄρχειν</em></strong></span> <span class='ocrx_word' id='word_1_184' title='bbox 435 2705 670 2792; x_wconf 86' lang='grc' dir='ltr'><strong><em>βουλομένους.</em></strong></span> <span class='ocrx_word' id='word_1_185' title='bbox 714 2700 789 2773; x_wconf 87' lang='grc' dir='ltr'><strong><em>τότε</em></strong></span> <span class='ocrx_word' id='word_1_186' title='bbox 811 2700 876 2794; x_wconf 85' lang='grc' dir='ltr'><strong><em>γάρ</em></strong></span> <span class='ocrx_word' id='word_1_187' title='bbox 902 2700 1013 2791; x_wconf 86' lang='grc' dir='ltr'><strong><em>δήπου</em></strong></span> <span class='ocrx_word' id='word_1_188' title='bbox 1037 2702 1136 2784; x_wconf 82' lang='grc' dir='ltr'><strong><em>καλδς</em></strong></span> 
     </span>
     <span class='ocr_line' id='line_1_27' title="bbox 161 2796 1135 2894; baseline 0.002 -22"><span class='ocrx_word' id='word_1_189' title='bbox 161 2797 179 2872; x_wconf 89' lang='lat'>6</span> <span class='ocrx_word' id='word_1_190' title='bbox 204 2805 281 2893; x_wconf 79' lang='grc' dir='ltr'><strong><em>περὶ</em></strong></span> <span class='ocrx_word' id='word_1_191' title='bbox 309 2806 367 2892; x_wconf 83' lang='grc' dir='ltr'><strong><em>τῆς</em></strong></span> <span class='ocrx_word' id='word_1_192' title='bbox 390 2798 569 2893; x_wconf 77' lang='grc' dir='ltr'><strong><em>ἡγεμονίας</em></strong></span> <span class='ocrx_word' id='word_1_193' title='bbox 596 2796 641 2894; x_wconf 88' lang='grc' dir='ltr'><strong><em>ήν</em></strong></span> <span class='ocrx_word' id='word_1_194' title='bbox 669 2803 762 2894; x_wconf 81' lang='grc' dir='ltr'><strong><em>άγιδν</em></strong></span> <span class='ocrx_word' id='word_1_195' title='bbox 790 2807 847 2874; x_wconf 81' lang='grc' dir='ltr'><strong><em>καὶ</em></strong></span> <span class='ocrx_word' id='word_1_196' title='bbox 877 2807 940 2875; x_wconf 80' lang='grc' dir='ltr'><strong><em>τοῦ</em></strong></span> <span class='ocrx_word' id='word_1_197' title='bbox 964 2799 1135 2893; x_wconf 77' lang='grc' dir='ltr'><strong><em>Ῥωμαίων</em></strong></span> 
     </span>
     <span class='ocr_line' id='line_1_28' title="bbox 160 2902 1185 2995; baseline -0.005 -20"><span class='ocrx_word' id='word_1_198' title='bbox 160 2903 372 2995; x_wconf 85' lang='grc' dir='ltr'><strong><em>φρονήματος</em></strong></span> <span class='ocrx_word' id='word_1_199' title='bbox 400 2902 499 2988; x_wconf 80' lang='grc' dir='ltr'><strong><em>ἄξιος.</em></strong></span> <span class='ocrx_word' id='word_1_200' title='bbox 547 2912 614 2976; x_wconf 81' lang='grc' dir='ltr'><strong><em>νῦν</em></strong></span> <span class='ocrx_word' id='word_1_201' title='bbox 637 2908 675 2977; x_wconf 72' lang='grc' dir='ltr'><strong><em>δὲ</em></strong></span> <span class='ocrx_word' id='word_1_202' title='bbox 698 2903 880 2994; x_wconf 85' lang='grc' dir='ltr'><strong><em>άναγκαῑος</em></strong></span> <span class='ocrx_word' id='word_1_203' title='bbox 902 2903 968 2994; x_wconf 86' lang='grc' dir='ltr'><strong><em>ήδη</em></strong></span> <span class='ocrx_word' id='word_1_204' title='bbox 992 2910 1132 2994; x_wconf 89' lang='grc' dir='ltr'><strong><em>γίνεται,</em></strong></span> <span class='ocrx_word' id='word_1_205' title='bbox 1142 2921 1185 2971; x_wconf 75' lang='grc' dir='ltr'><strong><em>Ῑισ</em></strong></span> 
     </span>
     <span class='ocr_line' id='line_1_29' title="bbox 161 3003 1132 3098; baseline 0.001 -23"><span class='ocrx_word' id='word_1_206' title='bbox 161 3010 217 3076; x_wconf 81' lang='grc' dir='ltr'><strong><em>καὶ</em></strong></span> <span class='ocrx_word' id='word_1_207' title='bbox 234 3004 309 3078; x_wconf 78' lang='grc' dir='ltr'><strong><em>οὐδ’</em></strong></span> <span class='ocrx_word' id='word_1_208' title='bbox 331 3003 374 3077; x_wconf 82' lang='grc' dir='ltr'><strong><em>άν</em></strong></span> <span class='ocrx_word' id='word_1_209' title='bbox 395 3005 433 3078; x_wconf 83' lang='grc' dir='ltr'><strong><em>τὸ</em></strong></span> <span class='ocrx_word' id='word_1_210' title='bbox 451 3004 630 3096; x_wconf 88' lang='grc' dir='ltr'><strong><em>κράτιστον</em></strong></span> <span class='ocrx_word' id='word_1_211' title='bbox 654 3005 741 3098; x_wconf 84' lang='grc' dir='ltr'><strong><em>λάβη</em></strong></span> <span class='ocrx_word' id='word_1_212' title='bbox 763 3010 857 3090; x_wconf 86' lang='grc' dir='ltr'><strong><em>τέλος</em></strong></span> <span class='ocrx_word' id='word_1_213' title='bbox 879 3005 1003 3097; x_wconf 85' lang='grc' dir='ltr'><strong><em>ὁμοίως</em></strong></span> <span class='ocrx_word' id='word_1_214' title='bbox 1022 3005 1132 3089; x_wconf 87' lang='grc' dir='ltr'><strong><em>καλός.</em></strong></span> 
     </span>
     <span class='ocr_line' id='line_1_30' title="bbox 162 3098 1184 3198; baseline 0.002 -20"><span class='ocrx_word' id='word_1_215' title='bbox 162 3098 201 3178; x_wconf 83' lang='grc' dir='ltr'><strong><em>εὖ</em></strong></span> <span class='ocrx_word' id='word_1_216' title='bbox 247 3109 285 3178; x_wconf 78' lang='grc' dir='ltr'><strong><em>δέ</em></strong></span> <span class='ocrx_word' id='word_1_217' title='bbox 326 3110 383 3178; x_wconf 85' lang='grc' dir='ltr'><strong><em>καὶ</em></strong></span> <span class='ocrx_word' id='word_1_218' title='bbox 423 3112 489 3179; x_wconf 81' lang='grc' dir='ltr'><strong><em>νυν</em></strong></span> <span class='ocrx_word' id='word_1_219' title='bbox 528 3126 654 3180; x_wconf 83' lang='grc' dir='ltr'><strong><em>ποιεῖτε</em></strong></span> <span class='ocrx_word' id='word_1_220' title='bbox 693 3108 782 3198; x_wconf 81' lang='grc' dir='ltr'><strong><em>ὅμως</em></strong></span> <span class='ocrx_word' id='word_1_221' title='bbox 825 3106 1134 3198; x_wconf 73' lang='grc' dir='ltr'><strong><em>ἐπανορθώσασθαι</em></strong></span> <span class='ocrx_word' id='word_1_222' title='bbox 1183 3135 1184 3180; x_wconf 62' lang='lat'>3</span> 
     </span>
    </p>

    <p class='ocr_par' dir='ltr' id='par_1_5' title="bbox 109 3206 1183 3504">
     <span class='ocr_line' id='line_1_31' title="bbox 109 3206 1134 3302; baseline 0.003 -26"><span class='ocrx_word' id='word_1_223' title='bbox 109 3227 143 3276; x_wconf 80' lang='lat'><strong><em>30</em></strong></span> <span class='ocrx_word' id='word_1_224' title='bbox 161 3206 224 3296; x_wconf 87' lang='grc' dir='ltr'><strong><em>τήν</em></strong></span> <span class='ocrx_word' id='word_1_225' title='bbox 247 3214 441 3302; x_wconf 80' lang='grc' dir='ltr'><strong><em>βραδυτῆτα</em></strong></span> <span class='ocrx_word' id='word_1_226' title='bbox 469 3209 669 3301; x_wconf 89' lang='grc' dir='ltr'><strong><em>βουλόμενοι</em></strong></span> <span class='ocrx_word' id='word_1_227' title='bbox 700 3213 757 3281; x_wconf 79' lang='grc' dir='ltr'><strong><em>καὶ</em></strong></span> <span class='ocrx_word' id='word_1_228' title='bbox 786 3209 827 3281; x_wconf 83' lang='grc' dir='ltr'><strong><em>τά</em></strong></span> <span class='ocrx_word' id='word_1_229' title='bbox 858 3213 1134 3301; x_wconf 76' lang='grc' dir='ltr'><strong><em>παραλειφθέντα</em></strong></span> 
     </span>
     <span class='ocr_line' id='line_1_32' title="bbox 161 3306 1135 3402; baseline 0.002 -24"><span class='ocrx_word' id='word_1_230' title='bbox 161 3307 360 3398; x_wconf 82' lang='grc' dir='ltr'><strong><em>άναλαβεῑν·</em></strong></span> <span class='ocrx_word' id='word_1_231' title='bbox 397 3313 453 3381; x_wconf 78' lang='grc' dir='ltr'><strong><em>καὶ</em></strong></span> <span class='ocrx_word' id='word_1_232' title='bbox 479 3310 586 3400; x_wconf 86' lang='grc' dir='ltr'><strong><em>πολλή</em></strong></span> <span class='ocrx_word' id='word_1_233' title='bbox 610 3311 703 3402; x_wconf 89' lang='grc' dir='ltr'><strong><em>χάρις</em></strong></span> <span class='ocrx_word' id='word_1_234' title='bbox 726 3306 808 3402; x_wconf 77' lang='grc' dir='ltr'><strong><em>δμλυ</em></strong></span> <span class='ocrx_word' id='word_1_235' title='bbox 827 3317 886 3402; x_wconf 78' lang='grc' dir='ltr'><strong><em>τῆς</em></strong></span> <span class='ocrx_word' id='word_1_236' title='bbox 910 3313 963 3384; x_wconf 78' lang='grc' dir='ltr'><strong><em>ἐπὶ</em></strong></span> <span class='ocrx_word' id='word_1_237' title='bbox 986 3308 1028 3381; x_wconf 83' lang='grc' dir='ltr'><strong><em>τά</em></strong></span> <span class='ocrx_word' id='word_1_238' title='bbox 1054 3309 1135 3400; x_wconf 88' lang='grc' dir='ltr'><strong><em>κρά-</em></strong></span> 
     </span>
     <span class='ocr_line' id='line_1_33' title="bbox 160 3406 1183 3504; baseline 0.004 -24"><span class='ocrx_word' id='word_1_239' title='bbox 160 3433 254 3482; x_wconf 88' lang='grc' dir='ltr'><strong><em>τιστα</em></strong></span> <span class='ocrx_word' id='word_1_240' title='bbox 271 3409 392 3500; x_wconf 82' lang='grc' dir='ltr'><strong><em>ὁρμῆς,</em></strong></span> <span class='ocrx_word' id='word_1_241' title='bbox 412 3410 471 3481; x_wconf 75' lang='grc' dir='ltr'><strong><em>εἴτ’</em></strong></span> <span class='ocrx_word' id='word_1_242' title='bbox 492 3406 552 3482; x_wconf 75' lang='grc' dir='ltr'><strong><em>ὑπ’</em></strong></span> <span class='ocrx_word' id='word_1_243' title='bbox 573 3411 693 3504; x_wconf 81' lang='grc' dir='ltr'><strong><em>ἀρετῆς</em></strong></span> <span class='ocrx_word' id='word_1_244' title='bbox 717 3420 860 3502; x_wconf 89' lang='grc' dir='ltr'><strong><em>γίνεται·</em></strong></span> <span class='ocrx_word' id='word_1_245' title='bbox 897 3428 1050 3502; x_wconf 69' lang='grc' dir='ltr'><strong><em>κρεῖττον</em></strong></span> <span class='ocrx_word' id='word_1_246' title='bbox 1072 3410 1134 3503; x_wconf 81' lang='grc' dir='ltr'><strong><em>γάρ</em></strong></span> <span class='ocrx_word' id='word_1_247' title='bbox 1182 3417 1183 3477; x_wconf 64' lang='grc' dir='ltr'><strong>ἓ</strong></span> 
     </span>
    </p>
   </div>
   <div class='ocr_carea' id='block_1_3' title="bbox 0 0 1196 3850">
    <p class='ocr_par' dir='ltr' id='par_1_6' title="bbox 0 0 1196 3850">
     <span class='ocr_line' id='line_1_34' title="bbox 0 0 1196 3850; baseline 0 1"><span class='ocrx_word' id='word_1_248' title='bbox 0 0 1196 3850; x_wconf 95' lang='lat' dir='ltr'><strong><em> </em></strong></span> 
     </span>
    </p>
   </div>
  </div>
 </body>
</html>
