2384 3850
173 104 239 169 134
575 101 761 162 -H-
992 53 998 69 ¹
1165 87 1167 108 ⁴

170 278 218 369 μὴ
240 273 350 347 πάντα
371 272 521 366 ύπάρξχ,
545 280 582 344 τί
601 269 813 362 συμβήσεταί
833 295 886 344 σοι
910 285 1045 344 παθεῖν.
1090 271 1129 342 δι’

172 385 281 460 αἰτίας
297 377 360 468 μέν
377 383 437 467 έσγ
454 371 545 466 παρά
561 388 632 456 τοῖς
649 372 908 464 ὑποδεξαμένοις
921 373 1076 464 σεαυτόν,
1094 369 1132 456 άς
1167 375 1168 382 '

171 485 318 572 μείζοσιν
328 474 540 569 ἐπιχειρήσας
552 473 747 568 πράγμασιν
756 478 813 546 καὶ
827 472 1023 558 άδυνάτοις·
1042 498 1132 566 στρα-

171 585 243 664 τιάς
261 580 299 652 δὲ
316 574 475 670 ῆμετέρας
493 576 595 650 πάλιν
623 579 730 649 ἐκεῖσε
747 573 952 669 ἀφικομένης
970 580 1027 649 καὶ
1044 589 1133 667 φθει·
1168 595 1169 618 ³

138 681 296 775 σρούσης
317 679 381 771 τῆν
398 683 537 752 ἐκείνων
553 683 632 770 γῆν·
660 675 702 750 ού
724 677 789 771 γάρ
812 677 1002 770 ἀνεξόμεθα
1020 678 1067 770 μῆ
1083 676 1132 748 άν

171 782 446 876 τιτιμορούμενοι
474 779 553 864 τούς
583 778 747 872 ἄρξαντας
770 779 858 871 ἡμᾶς
878 785 989 863 κακῶς
1013 795 1131 853 ποιεῖν·

172 892 271 958 δυεῖν
287 881 349 957 ούκ
366 882 410 959 άν
426 881 584 976 ἁμάρτοις
599 883 764 973 θατέρου,
782 879 806 1006 ῆ
821 879 904 973 πρός
922 881 1038 967 αὐτῶν
1056 885 1160 954 ἐκεί-15

172 1016 244 1058 νων
261 983 312 1068 οἷς
328 997 434 1070 αίτιος
437 993 510 1110 ἔσχ
524 988 709 1076 συμφορῶν
721 981 877 1074 μεγάλων
890 980 1071 1076 αίσχράς’
1051 1013 1134 1056 αναι-

173 1089 327 1180 ρεθῆναι,
344 1083 367 1176 ῆ
385 1085 467 1178 πρός
484 1082 580 1176 ῆμῶν
596 1114 655 1168 ους
672 1082 868 1157 άποκτενάν
884 1113 921 1157 τε
938 1087 996 1157 καὶ
1017 1091 1135 1158 δουλα

124 1210 158 1263 10
175 1187 314 1279 σόμενος
331 1178 444 1278 ῆίθες.
478 1183 654 1278 τάχαδ”“
633 1217 676 1259 αν
694 1191 834 1276 ἐκεῖνοι,
857 1190 939 1277 πρὶν
961 1193 1000 1261 έν
1017 1195 1065 1284 τρὶ
1082 1213 1134 1310 πρ·

173 1303 253 1362 θεῖν
274 1319 306 1360 τι
329 1288 434 1362 κακόν
457 1291 635 1380 γενέσθαι,
667 1286 839 1372 διαλύσεις
862 1301 1038 1360 ποιεῖσθαι
1061 1285 1172 1380 πρός

174 1386 260 1481 ῆμάς
284 1394 527 1484 ἐπιχειροῦντες
551 1397 690 1463 ἔκδοτον
718 1386 897 1475 άξιτόσειαν
923 1393 979 1460 έπί
1001 1395 1135 1481 τιμωρία

174 1514 213 1564 σε
230 1492 469 1584 παραδιδόναι
496 1523 515 1564 ο
500 1489 651 1565 πολλοι
674 1488 844 1583 βάρβαροί
865 1519 900 1563 τε
918 1494 975 1562 καὶ
983 1489 1135 1580 Ἕλληνες

175 1601 223 1676 είς
239 1593 397 1679 τοιαύτας
415 1591 638 1722 καταστάντες
655 1592 757 1683 τύχας
774 1590 1044 1682 ἠναγκάσθησαν
1059 1588 1135 1664 ύπο-

124 1716 157 1783 1ο
173 1712 294 1787 μεῖναι.
321 1687 388 1789 ἆρά
404 1725 443 1786 γε
460 1724 562 1787 μικρα
548 1692 692 1766 καῖ’
655 1723 718 1766 ουκ
734 1691 810 1778 άξια
828 1693 1048 1784 λόγουταῦτ
1030 1693 1137 1765 ἐἶναι’

173 1817 227 1869 σοι
245 1805 341 1869 δοκεῖ
360 1799 418 1868 καὶ
442 1801 520 1869 δέον
538 1794 652 1868 αύτύν
669 1791 910 1889 ύπεριδεῖν,”
889 1825 910 1885 ῆ
929 1800 1045 1870 κακοῖν
1061 1791 1174 1884 συμ·
1173 1847 1174 1852 1

172 1897 311 1971 πάντων
328 1906 456 1990 ἔσχατα
467 1910 594 1971 παθεῖν
602 1915 616 1986 3‘

223 2000 375 2069 XXVIII.
414 2002 518 2091 Φέρε·
553 2000 614 2072 ἐὰν
642 2001 679 2095 δέ
702 1998 745 2089 δὴ
775 1997 1012 2093 κατορθώσῃς,
1044 2006 1080 2072 τί
1103 1996 1133 2069 τό

47 2099 49 2102 ’
173 2099 373 2192 θαυμαστόν
402 2108 494 2173 έσται
524 2124 578 2173 σοι
607 2104 663 2173 καὶ
691 2100 917 2193 περιμάχητον
940 2098 1084 2222 άγαθόν,
1117 2095 1134 2185 ἢ

122 2223 158 2276 20
174 2206 269 2286 τίνας
287 2207 357 2288 έξοί
354 2224 397 2294 σμ
417 2202 531 2290 δόξας,
522 2201 664 2275 οκαὶ
623 2233 688 2295 γαρ
705 2209 803 2275 τούτο
818 2205 981 2288 ἐξέτασον
1009 2207 1134 2296 πρῶτον

173 2305 299 2393 μέν’
252 2333 321 2377 των
337 2303 507 2430 φιίτάτρου
523 2333 560 2376 τε
577 2301 667 2376 καὶ’
648 2302 921 2431 αναγκαιοτάτρον
920 2303 1077 2396 ὑπάρξει
1089 2324 1135 2373 σοι

174 2409 355 2498 στερέσθαι
373 2406 548 2531 σωμάτριν,
566 2404 689 2531 μητρός
707 2404 830 2491 ἀθλίας
836 2460 846 2495 ,
865 2436 887 2498 ῆ
876 2395 1069 2495 γενέσεως
1086 2404 1135 2475 καί

57 2522 64 2529 “
173 2513 314 2633 τροφῆς
317 2512 375 2579 καὶ
396 2513 464 2579 τάν
481 2506 594 2579 άίίων
618 2498 667 2579 τόν
691 2514 788 2597 ἔσχεν
812 2510 867 2577 έπὶ
888 2510 943 2579 σοὶ
967 2505 1084 2580 πόνων
1099 2499 1134 2575 ού

174 2608 277 2690 καλάς
294 2606 435 2700 ἀμοιβάς
452 2607 639 2692 ἀποδίδως
663 2616 776 2680 ἔπειτα
793 2614 936 2698 γαμετῆς
954 2607 1175 2699 σάφρονος,15
1153 2618 1175 2672 55

124 2728 157 2778 25
174 2702 195 2795 ῆ
215 2705 270 2777 διά
287 2708 346 2780 τὸν
363 2708 425 2780 σὸν
447 2708 557 2780 πόθον
577 2713 615 2781 έν
633 2714 752 2803 ἐρημίᾳ
775 2712 831 2781 καὶ
855 2717 972 2802 χηρείᾳ
997 2708 1134 2800 κάθηται

173 2812 286 2907 πάσαν
302 2807 431 2900 ἡμέραν
448 2812 506 2879 καί
523 2807 631 2887 νύκτα
654 2810 712 2893 τάς
730 2810 791 2893 σάς
808 2808 919 2902 φυγάς
936 2810 1132 2903 ὀδυρομένη·

173 2908 256 3001 πρός
280 2911 318 2982 δέ
341 2908 471 2993 τούτοις
494 2911 623 2982 τέκνων
647 2917 761 3002 δυεῖν,
793 2908 853 2995 ούς
877 2915 978 3003 ἐχρῆν
1001 2908 1133 3002 ἀγαθάν

172 3011 348 3102 προγόνων
365 3010 464 3095 ὄντας
480 3008 669 3102 ἀπογόνους
686 3017 902 3103 καρποῦσθαι
925 3014 983 3097 τάς
1003 3018 1132 3086 ἐκείνων

173 3111 267 3201 τιμάς
294 3113 515 3199 εύδοξούντας
546 3117 583 3186 έν
620 3110 807 3205 εὐτυχούσῃ
834 3118 877 3207 τῆ
903 3122 1049 3207 πατρίδι.
1092 3104 1134 3184 dv

123 3235 157 3288 ³0
174 3207 333 3285 ἁπάντων
350 3215 483 3308 οἰκτράς
501 3218 557 3287 καὶ
575 3213 709 3306 ἀτυχεῖς
733 3212 1133 3309 άναγκαοθῆσχθεωρεῖν

174 3313 421 3405 καταστροφάς,
454 3324 487 3385 εί
513 3314 689 3407 τολμήσεις
711 3316 909 3407 προσάγειν.
927 3334 997 3401 τοῖς
1020 3326 1132 3409 τείχεσι

173 3411 232 3504 τόν
249 3412 411 3507 πόλεμον·
430 3413 471 3487 οὐ
490 3414 554 3507 γάρ
569 3416 614 3505 δῆ
632 3422 807 3504 φείσονται
825 3423 894 3491 τάν
912 3422 983 3493 σάν
996 3416 1133 3498 οὐθενὸς
