2384 3850
377 61 389 150 ‘J
443 125 486 137 -
528 93 556 152 z
600 125 643 136 -
977 94 1019 158 τε
1064 105 1067 116 ’
1182 73 1183 100 ¹

45 261 174 351 ταύτην
197 259 274 333 ούιε
300 263 442 355 ίσχνράν
467 261 545 335 ούτε
567 268 609 356 τῇ
633 268 741 357 βουλή
763 271 1018 357 κεχαρισμένην,

45 362 122 435 ἀλλ’
146 367 277 445 ἑαυτοῖς
295 392 331 434 τε
349 363 549 455 πράττοντες
576 369 731 450 ἐξουσίαν
754 365 816 438 ὅσα
839 368 1019 458 βούλονται

48 472 222 556 ἐγκαλεῖν,
249 469 306 544 καλ
332 465 496 556 βοήθειαν
514 466 764 560 ἀφαιρήσεσθαι
781 475 840 540 τού
859 478 1019 559 Μαρκίου

45 568 110 657 τήν
129 571 167 638 ἐκ
184 571 252 638 τῶν
266 570 442 659 συνέδρων
455 566 610 659 οἰόμενοι.
639 572 694 640 καλ
708 565 725 640 ό
740 569 894 663 Μάρκιος
909 570 1018 644 εἶπεν·

43 665 138 742 Ἀλλ’
157 667 247 758 ήτοι,
273 677 304 739 εί
321 672 375 740 ἐπὶ
393 668 498 760 ταύτη
516 700 556 760 γε
573 671 777 763 κριθήσομαι
799 675 842 763 τή
865 676 1020 768 διαβολή,
1054 685 1071 736 5

48 777 173 860 δίδωμι
198 770 343 860 ἐμαυτὸν
368 775 519 843 ἐπίδικον
536 791 606 855 τοῖς
631 773 804 863 δημόταις,
834 777 897 844 καλ·
912 774 1019 864 μηδὲν
1182 771 1183 778 ¹

47 864 134 943 ἔστω
151 869 187 942 τό
207 877 341 942 κωλῦον
357 873 550 964 γράφεσθαι
562 874 600 945 τὸ
614 874 860 966 προβούλευμα.
889 879 1020 964 ἐγένετο

50 975 89 1044 δὲ
113 976 167 1043 καλ
191 991 260 1056 τοῖς
285 983 451 1058 πλείστοις
481 979 550 1046 τοῖν
576 980 752 1068 συνέδρων
782 975 937 1067 ἀσμένοις
965 979 1020 1048 ἐπὶ

47 1073 158 1170 τούτῳ
181 1079 343 1164 γενέσθαι
366 1081 415 1170 τῷ
437 1075 616 1168 ἐγκλήματι
645 1077 708 1168 τήν
732 1085 831 1167 δίκην
855 1075 929 1149 κατ’
956 1077 1021 1168 άμ-

47 1176 193 1267 φότερα,
218 1181 273 1248 καὶ
292 1176 343 1248 ότι
361 1177 425 1250 ούκ
443 1187 534 1250 ἔσται
557 1179 593 1250 τὸ
612 1182 723 1269 λέγειν
740 1176 762 1250 δι’
779 1197 902 1272 φρονεῖ
916 1209 965 1262 τις
985 1184 1021 1251 ἐν
1040 1193 1074 1243 10

46 1295 119 1360 τοῖς
137 1283 314 1369 συνέδροις
331 1275 508 1370 ὑπαίτιον,
532 1285 588 1351 καλ
606 1279 657 1351 ότι
675 1286 800 1374 ῥᾳδίως
818 1278 1022 1353 ἀπολύσεται

47 1379 112 1470 τήν
137 1378 300 1469 διαβολήν
323 1377 340 1450 ό
365 1379 450 1472 άνήρ
474 1390 553 1471 βίον
582 1381 751 1472 ἐζηλωκώς
781 1381 941 1474 σαόφρονα
965 1386 1021 1453 καὶ

48 1480 287 1571 ἀνεπίληπτον.
328 1481 492 1574 γράφεται
508 1482 545 1553 τό
563 1483 801 1575 προβούλευμα
818 1483 900 1573 μετά
917 1487 1022 1553 ταῦτα

47 1579 137 1674 ὑπὲρ
154 1587 212 1670 τής
231 1591 338 1672 δίκης,
357 1589 413 1654 καλ
431 1583 549 1676 χρόνος
569 1593 617 1665 είς
635 1583 852 1676 παρασκευήν
869 1588 927 1672 τής
941 1581 1021 1653 άπο-
1182 1629 1183 1632 =

49 1691 166 1773 λογίας
185 1680 328 1776 ὁρίζεται
350 1690 398 1780 τῷ
420 1682 520 1775 άνδρλ
544 1689 640 1777 μέχρι
663 1690 721 1776 τής
744 1691 856 1776 τρίτης
881 1683 1019 1774 άγοράς·
1040 1699 1074 1748 15

11 1791 90 1859 κιαλ
113 1788 151 1856 δὲ
173 1784 293 1877 άγοραὶ
311 1784 481 1877 Ῥωμαίοις
505 1791 657 1875 ἐγίνοντο
686 1785 730 1869 οδς
758 1789 814 1857 καὶ
836 1789 932 1878 μέχρι
954 1791 1023 1857 τῶν

50 1884 134 1959 καθ’
153 1885 239 1978 ήμάς
257 1885 389 1980 χρόνων
408 1884 453 1958 δι’
473 1883 597 1981 ἡμέρας
616 1887 741 1980 ἐνάτης.
778 1892 814 1961 ἐν
833 1889 871 1960 δὲ
888 1886 1024 1971 ταύταις

51 1988 226 2071 συνιόντες
245 1994 367 2061 ἐκτῶν
384 1989 499 2081 άγροὸν
518 1999 566 2074 είς
590 1989 652 2081 τήν
676 1990 775 2063 πόλιν
796 1996 831 2062 oc
853 1993 1024 2081 δημοτικοὶ

50 2089 111 2173 τάς
128 2120 164 2163 τε
181 2089 335 2181 ἀμείψεις
353 2092 526 2163 ἐποιοῦντο
543 2097 613 2174 τῶν
631 2089 759 2182 ύνίων,
778 2097 834 2163 καὶ
851 2093 909 2175 τάς
929 2099 1024 2174 δίκας

50 2188 135 2281 παρ’
161 2189 316 2281 ἀλλήλων
339 2192 545 2283 ἐλάμβανον,
576 2193 617 2265 τά
644 2224 680 2266 τε
704 2193 800 2265 κοινά
823 2192 913 2266 ὅσων
936 2184 1023 2282 ήσαν
1041 2206 1076 2255 20

50 2293 163 2384 κύριοι
180 2294 264 2365 κατά
280 2293 359 2377 τούς
375 2293 499 2385 νόμους
517 2293 604 2366 καὶ”
584 2318 647 2366 οσα
660 2323 682 2383 η
670 2290 803 2382 ’βουλή
817 2297 1025 2416 ἐπιτρέφειεν

52 2392 168 2477 αύτοῑς
198 2390 315 2519 ψήφου
344 2392 639 2486 ἀναλαμβάνοντες
671 2393 871 2485 ἐπεκύρουν
904 2393 962 2475 τάς
987 2395 1025 2464 δε

50 2494 242 2587 μεταξύ
194 2526 263 2568 των
280 2494 414 2590 ἀγοράν
432 2497 514 2568 ἑπτά
532 2495 656 2589 ἡμέρας
674 2492 858 2622 αήτουργοί
876 2524 913 2565 τε
931 2492 1025 2577 όντες

51 2628 86 2669 οι
116 2602 235 2670 πολλοὶ
268 2602 325 2670 καὶ
359 2603 499 2690 πένητες
534 2604 649 2669 ἑνί
596 2615 666 2681 τοῖς
701 2596 815 2688 άγροῑς
847 2600 899 2669 διί
897 2606 1023 2689 τριβον.

52 2697 171 2789 ἐπειδη
190 2702 227 2770 δ
238 2729 275 2770 το
264 2698 523 2792 προβούλευμα
537 2706 707 2790 ἔλαβονοί
719 2699 893 2792 δήμαρχοι,
904 2709 1026 2791 προελ
1043 2712 1078 2762 25

50 2800 175 2884 θόντες
200 2809 247 2883 είς
276 2801 338 2891 τήν
361 2797 488 2902 άγοράν
514 2800 744 2874 συνεκάλεσαν
774 2810 822 2884 είς
846 2807 1026 2890 ἐκκλησίαν

50 2902 114 2974 τόν
132 2907 258 2994 δήμου,
282 2903 462 2974 καὶπολλὰ
479 2897 629 2994 ἕγκοόμια
652 2906 709 2993 τής
728 2908 853 2993 βουλής
872 2900 1024 2973 διελθόν-

50 3033 109 3087 τες
144 3008 201 3076 καλ
228 3004 269 3075 τά
277 3003 455 3129 δόγματα
488 3002 591 3094 αύτής
624 3003 826 3094 ἀναγνόντες
863 3018 1026 3125 προειπρν

52 3106 184 3196 ἡμέραν
207 3098 292 3176 ἐν
269 3136 291 3197 η
313 3104 376 3197 τήν
405 3111 505 3198 δίκην
529 3114 668 3197 ἔμελλον
692 3110 871 3194 ἐπιτελεῖν,
907 3100 997 3188 ίς
983 3102 1026 3193 ήν

53 3206 216 3289 ἅπαντας
222 3204 378 3297 ήξίουν“
357 3236 452 3299 ηκειν
468 3206 547 3291 τούς
564 3202 742 3288 πολίτας“
719 3236 764 3289 ως
780 3203 929 3298 ὑπὲρ
884 3235 953 3276 τιον
970 3234 1025 3293 με·
1044 3219 1079 3268 30

52 3317 181 3399 γίστοιν
199 3311 498 3400 διαγνωσομένους

11 3435 44 3486 48
134 3410 262 3481 LVssH.
287 3407 407 3494 Ὠςδὲ
431 3410 594 3500 διεβοήθη
618 3414 741 3498 ταῦτα,
765 3405 871 3495 πολλή
895 3401 1025 3489 σπουδή
