2384 3850
170 152 234 217 204
553 156 761 215 -H-

172 337 276 401 πᾶσιν
293 326 396 417 οὔσης
420 335 469 398 έτι
486 331 543 417 της
560 322 620 397 ἀπ’
649 323 753 397 αύτού
778 330 1062 418 συσκευαζομένης
1076 357 1126 398 τυ-

171 437 346 522 ραννίδος,
370 433 499 521 πρῶτος
516 427 730 511 ὑποπτεύσας
748 424 765 498 ὁ
784 427 892 520 πατὴρ
909 433 971 501 τού
987 437 1126 501 Κασσίου

172 536 228 603 καὶ
247 530 303 603 διά
319 535 379 621 τῆς
396 528 636 620 ἀκριβεστάτης
654 527 808 619 βασάνου
824 530 861 601 τό
879 534 1016 623 πράγμα
1034 529 1125 615 ἐξετά-

172 657 231 717 σας
249 624 407 724 ἧκενέπὶ
423 630 486 720 τὴν
504 629 649 720 βουλήν·
668 639 792 703 ιέπειτα
809 630 971 715 κελεύσας
990 636 1126 716 ἐξελθεῖν

138 759 153 806 5
171 736 230 807 τόν
253 734 330 806 υίόν
352 731 502 823 μηνυτής
524 761 561 803 τε
583 735 640 803 καὶ
657 732 839 826 κατήγορος
864 732 968 805 αὐτοῦ
993 736 1125 823 ἐγένετο·

172 835 402 926 καταγνούσης
426 835 464 905 δέ
480 836 537 904 καὶ
554 838 612 923 τῆς
630 838 772 923 βουλῆς,
803 832 940 925 ἀγαγώυ
965 833 1067 905 αὐτὸν
1088 841 1126 914 είς

170 937 233 1026 την
251 946 362 1008 οίκίαν
380 934 562 1007 ἀπέκτεινε.
596 933 634 1005 τό
651 936 714 1025 μέν
731 926 795 1007 οὖν
813 936 934 1027 πικρόν
958 938 1014 1007 καὶ
1032 932 1127 1025 ἀπαρ-

171 1046 307 1126 αίτητον
324 1042 381 1127 τῆς
397 1042 467 1107 τῶν
484 1040 639 1129 πατέρων
656 1033 759 1129 ἀρχῆς
780 1045 826 1119 είς
843 1037 921 1120 τούς
939 1036 1127 1117 ἀδικοῦντας
1168 1066 1169 1123 χ

170 1139 266 1220 υἱούς
284 1140 340 1208 καὶ
357 1136 500 1228 μάλιστα
518 1141 556 1208 έν
572 1156 643 1221 τοῖς
666 1136 741 1209 τότε
762 1137 933 1230 Ῥωμαίοις
961 1138 1042 1211 οὐδὲ
1058 1136 1128 1209 ταύ-
1168 1134 1169 1159 ³

122 1264 153 1311 10
171 1270 233 1330 την
263 1237 450 1310 ἀπωθεῖται
476 1237 538 1328 τὴν
564 1237 752 1329 ἀπόφασιν·
787 1244 859 1313 ἐπεὶ
890 1243 946 1311 καί
977 1240 1128 1333 πρότερον

170 1348 318 1431 Βροῦτος
341 1340 359 1411 ὁ
383 1340 461 1423 τούς
479 1348 629 1429 βασιλεῖς
655 1342 808 1429 ἐκβαλών
830 1335 1039 1434 ἀμφοτέρους
1061 1339 1128 1420 τούς

170 1441 266 1525 υἱούς
298 1447 474 1514 ἐδικαίωσε
505 1442 589 1512 κατὰ
619 1441 678 1514 τόν
709 1447 776 1515 τάν
807 1442 1005 1536 κακούργων
1034 1441 1168 1532 νόμονΙῑῡ

170 1543 378 1635 ἀποθανεῖν,
402 1547 459 1615 καὶ
477 1547 630 1615 πελέκεσι
654 1543 731 1627 τούς
749 1541 893 1636 αὐχένας
911 1544 1127 1634 ἀπεκόπησαν,
1169 1628 1170 1635 χ

170 1644 220 1717 ότι
237 1642 466 1739 συμπράττειν
490 1662 559 1726 τοῖς
578 1652 775 1735 βασιλεῦσιν
794 1646 936 1719 ἐδόκουν
958 1644 1021 1736 την
1037 1644 1127 1716 κάθο-
1169 1644 1170 1649 ’

121 1772 152 1820 15
171 1754 241 1818 δον.
287 1752 343 1819 καὶ
367 1746 449 1838 μετά
472 1751 578 1817 ταῦτα
595 1746 767 1836 Μάλλιος,
799 1744 815 1817 ὁ
843 1754 880 1820 έν
901 1756 948 1842 τῷ
967 1748 1128 1837 Γαλατικβ

171 1853 303 1945 πολέμφ
323 1853 529 1941 στρατηγῶν,
548 1848 607 1919 τὸν
623 1848 701 1921 υίόυ
717 1846 935 1942 ἀριστεύοντα
948 1847 1032 1921 κατά
1044 1847 1127 1919 πόλε-

111 2028 116 2035 ,
169 1980 234 2039 μον
256 1955 314 2038 τῆς
336 1952 399 2040 μὲν
421 1949 579 2040 ἀνδρείας
599 1954 704 2022 ,ἕνεκα
728 1969 797 2036 τοῖς
815 1951 993 2044 ἀριστείοις
1019 1948 1127 2040 στεφά-

116 2055 121 2062 ’
170 2079 240 2132 νοις
259 2049 458 2140 ἐκόσμησεν,
484 2048 666 2124 ἀπείθειαν
683 2055 721 2124 δέ
740 2058 924 2142 ἐπικαλεῖν,
952 2050 1004 2124 ότι
1022 2051 1081 2126 οὐκ
1097 2055 1127 2120 έν

170 2141 197 2245 ᾦ
221 2149 346 2242 ἐτάχθη
370 2159 524 2247 φρουρίῳ
549 2158 698 2243 ἔμεινεν,
722 2153 806 2225 ἀλλά
828 2153 919 2248 παρά
941 2153 1003 2244 τὴν
1027 2160 1128 2225 ἐπιτα-
1170 2155 1171 2160 ’

117 2277 151 2326 20
168 2252 233 2343 γὴν
251 2258 311 2325 τού
328 2249 492 2344 ἡγεμόνος
510 2256 653 2343 ἐξῆλθεν
671 2253 936 2346 ἀγωνιούμενος,
962 2255 1008 2338 ὥς
1025 2265 1128 2328 λειπο-

168 2354 291 2445 τάκτηυ
309 2355 493 2428 ἀπέκτεινε.
534 2357 591 2426 καὶ
611 2353 706 2428 ἀλλοι
724 2361 842 2429 πολλοὶ
859 2361 1009 2450 πατέρες,
1028 2362 1062 2428 οί
1075 2356 1128 2446 μὶν

168 2461 223 2528 ἐπὶ
241 2466 389 2548 μείζοσιν
407 2464 528 2538 αἰτίαις
545 2462 581 2528 οί
596 2455 630 2527 δ’
653 2457 706 2529 ἐπ’
728 2457 915 2549 ἐλάττοσιν,
935 2456 1013 2530 ούτε
1032 2452 1129 2548 φειδά

167 2563 235 2629 τῶν
254 2566 387 2630 παίδων
410 2556 488 2629 ούτε
511 2565 605 2630 ἔλεον
629 2565 735 2649 ἔσχον.
781 2560 865 2631 κατὰ
889 2562 952 2651 μέν
976 2558 1019 2649 δὴ
1042 2562 1129 2630 τούτο

168 2657 230 2728 οὐκ
248 2656 340 2745 ἀξιοῖ,
359 2657 472 2750 ὥσπερ
491 2666 589 2750 έφην,
609 2666 864 2752 προβεβλῆσθαι
880 2662 941 2734 τόν
957 2660 1074 2752 λόγον,
1091 2653 1129 2738 ὦς

116 2780 149 2828 25
168 2755 354 2828 ἀπνθανόν·
390 2763 501 2830 ἐκεῖνα
525 2752 567 2831 δέ
587 2791 630 2851 με
652 2761 811 2834 ἀνθέλκει
841 2771 1030 2855 τεκμηρίων
1058 2759 1129 2833 ὄντα
1137 2769 1171 2823 17ss

168 2856 239 2931 οὔτ’
270 2857 425 2950 έλάχισια
448 2857 526 2931 οὔτε
549 2858 719 2952 ἀπίθανα,
751 2866 807 2936 καὶ
831 2864 913 2957 πρὸς
936 2863 999 2956 τὴν
1022 2865 1129 2954 ἑτέραν

168 2960 242 3051 ἀγει
260 2961 527 3053 συγκατάθεσιν,
550 2959 601 3033 ότι
618 2963 700 3054 μετά
717 2967 776 3038 τὸν
793 2964 945 3038 θάνατον
968 2970 1028 3038 τού
1044 2975 1127 3037 Κασ-

168 3071 244 3134 σίου
262 3062 284 3152 ἥ
301 3093 337 3134 τε
355 3071 445 3136 οίκία
463 3064 673 3156 κατεσκάφη,
698 3070 868 3161 καὶμέχρι
891 3071 994 3138 τούδε
1011 3066 1128 3138 ἀνεῖται

57 3213 62 3218 -
167 3163 308 3245 ὁτόπος
337 3163 439 3254 αὐτῆς
471 3176 605 3255 αίθριος
629 3170 693 3251 ἔξω
722 3173 783 3240 τού
806 3169 872 3241 νεά
901 3174 960 3260 τῆς
983 3173 1066 3260 Γῆς,
1094 3159 1127 3234 ὃν

115 3285 147 3333 30
166 3263 318 3355 ὑστέροις
340 3260 474 3352 ἡπόλις
492 3266 716 3339 κατεσκεύασε
739 3268 872 3359 χρόνοις
896 3274 933 3341 έν
956 3274 1049 3362 μέρει
1069 3265 1127 3338 τινί

61 3400 63 3403 ·
168 3363 269 3451 αύτῆς
294 3363 377 3433 κατά
399 3363 462 3453 τὴν
486 3369 541 3437 ἐπὶ
558 3378 731 3460 Καρρίνας
753 3372 927 3458 φέρουσαν
949 3370 1049 3458 ὁδόν,
1077 3365 1126 3436 καί

166 3461 206 3533 τά
224 3461 374 3555 χρήματα
392 3463 499 3536 αὐτού
515 3458 551 3535 τό
571 3465 685 3539 κοινόν
703 3465 882 3560 ἀνέλαβεν·
912 3475 944 3556 ἐξ
967 3463 1016 3542 οἷν
1033 3468 1126 3556 ἀπαρ
