2384 3850
522 114 720 174 ..ρ-

128 289 191 380 μδν
209 278 306 378 εὖρός
325 289 416 356 έστιν
434 284 601 373 τεττάρων
626 287 786 376 πλέθρων
803 284 962 373 μάλιστα,
994 285 1109 374 βάθος

58 432 62 440 =
130 392 167 460 δὲ
198 386 271 460 οἷόν
296 417 332 458 τε
356 390 457 458 ναυσί
482 397 641 458 πλεῖσθαι
664 385 839 477 μεγάλαις,
870 386 907 458 τό
927 388 971 463 ,δὲ
993 392 1111 476 ῥεῦμα

130 489 243 577 ὥσπερ
266 521 298 561 τι
321 491 376 560 καλ
396 487 477 559 άλλο
495 484 554 572 ὀξὺ
573 492 629 558 καλ
648 495 743 571 δίνας
763 488 982 577 ἐργαζόμενον
997 487 1109 579 μεγά-

129 603 205 675 λας·
233 586 273 662 όν
289 588 355 664 οὐκ
372 599 483 662 ἔνεστι
501 600 609 675 πεζοῖς
627 597 778 662 διελθεῖν
796 591 886 679 εἰμὴ
899 589 982 662 κατά
996 598 1189 680 χίφυ-1935

97 717 214 782 ὁραν,
238 689 261 784 ἢ
283 684 326 782 ἦν
346 697 383 764 έν
405 698 451 784 τῷ
475 692 549 763 τότε
574 689 684 787 χρόνῳ
707 701 767 782 μία
789 692 1037 782 ξυλόφρακτος,
1061 690 1110 780 ἣν
1189 744 1190 759 ,

129 804 231 868 ἔλυον
255 799 291 865 έν
315 811 384 876 τοῖς
409 796 573 883 πολέμοις.
615 799 654 864 ἓν
670 796 709 866 δὲ
728 803 852 884 χωρίον
868 791 888 864 δ
902 801 963 882 τῆς
976 793 1108 876 πόλεως

131 893 379 986 έπιμαχεότατόν
399 900 506 981 ἐστιν,
530 892 595 965 άπδ
619 900 688 966 των
705 904 922 967 Αἰσκυλίνων
939 897 1110 983 καλουμέ-

130 1028 200 1070 νων
218 1003 336 1069 πυλωυ
353 999 448 1087 μέχρι
465 1002 534 1068 τῶν
552 1007 745 1083 Κολλίνων,
760 995 996 1088 χειροποιήτως
1015 1000 1110 1067 έστλν

129 1095 263 1188 όχυρόν.
289 1098 415 1187 τάφρος
439 1127 475 1170 τε
498 1098 562 1188 γάρ
587 1095 775 1186 ὀρώρυκται
799 1099 865 1185 πρό
887 1095 993 1169 κότον
1020 1096 1110 1168 πλά-

81 1223 185 1284 1οτος
211 1189 441 1291 ,ἦβραχυτάτη
471 1210 594 1288 μείζων
617 1198 736 1272 ἑκατόν
758 1206 892 1287 ποδῶν,
916 1204 971 1270 καλ
998 1198 1108 1288 βάθος

132 1303 223 1373 ἐστίν
240 1299 345 1388 αὐτῆς
360 1302 643 1389 τριακοντάπουν·
670 1319 777 1392 τεῖχος
802 1304 840 1377 δὲ
856 1298 1109 1390 ὑπερανέστηκε

130 1411 190 1491 τῆς
206 1401 336 1492 τάφρου
353 1401 479 1491 χώματι
498 1401 725 1493 συνεχόμενον
743 1410 887 1474 ἔνδοθεν
909 1401 1032 1492 ὑψηλῷ
1049 1405 1109 1472 καλ
1189 1444 1190 1449 1

130 1514 258 1591 πλατεῖ,
278 1499 351 1574 οἷον
367 1503 450 1592 μήτε·
462 1521 567 1592 κριοῖς
583 1509 845 1593 κατασεισθῆναι
863 1502 944 1593 μήτε
957 1504 1110 1589 όπορυτ-
1189 1524 1190 1597 J

130 1607 281 1694 τομένων
304 1609 372 1674 τῶν
389 1615 558 1694 θεμελίων
585 1603 829 1694 ἀνατραπῆναι.
870 1610 967 1677 τοῦτο
983 1605 1110 1695 τόιχω-
1189 1608 1190 1645 ³

82 1729 114 1779 15
132 1716 207 1798 ρίαν
224 1704 306 1778 ἑπτά
323 1709 386 1796 μέν
404 1710 471 1777 έστι
488 1707 631 1798 μάλιστα
650 1711 703 1778 ἐπὶ
721 1712 825 1797 μηκας
839 1713 1003 1790 σταδίων,
1024 1734 1108 1775 πεν-

130 1806 274 1898 τήκοντα
292 1809 330 1878 δὲ
347 1812 463 1878 ποδων
482 1812 535 1879 ἐπὶ
548 1807 685 1892 πλάτος
713 1814 751 1880 ἐν
768 1798 798 1901 ςό
814 1807 888 1879 τότε
906 1813 941 1878 ολ
951 1807 1109 1893 Ῥωμαῖοι
1189 1812 1191 1885 i

38 1903 47 1920 ⁸
73 1913 75 1916 ’
131 1913 323 1999 τεταγμένοι
342 1909 425 1981 κατὰ
443 1915 571 1999 πλῆθος
589 1909 749 2000 ἀνεῖρξαν
771 1916 840 1982 τῶν
858 1919 1029 1998 πολεμίων
1044 1907 1109 1997 τὴν

132 2019 269 2102 ἔφοδον,
288 2009 365 2086 οὔτε
382 2012 529 2101 χελώνας
543 2020 729 2103 χωστρίδας
744 2011 884 2083 εἰδότων
898 2010 1109 2082 κατασκευά-

133 2122 200 2201 ζειν
217 2117 286 2183 τῶν
303 2111 377 2183 τότε
394 2113 605 2203 ἀνθρώπων,
632 2113 710 2186 οὔτε
733 2112 791 2194 τάς
808 2119 1017 2203 καλουμένας
1034 2117 1110 2182 ελε-

83 2236 116 2291 20
120 2213 412 2337 πόλειςμηχανάς.
433 2218 538 2305 οίίμέν
549 2212 591 2303 δη
605 2214 1035 2305 πολέμιοιάπυχνόντεςτης
1046 2214 1190 2283 oto-1936

134 2328 217 2397 λεως
235 2345 297 2405 την
308 2314 471 2387 αλωσιν
451 2316 606 2405 απῄεσαν
624 2316 690 2387 άπό
713 2321 774 2388 τοῦ
792 2325 934 2406 τείχους,
949 2318 1004 2385 καλ
1018 2312 1110 2405 δηεό-
1176 2344 1190 2387 ι·

134 2444 253 2499 σαντες
270 2416 333 2505 τὴν
349 2416 462 2509 χάραν
479 2416 564 2508 ὅσην
582 2415 798 2507 διεξηλθον’
778 2447 910 2507 απηχον
934 2416 986 2487 ἐπ’
1011 2428 1110 2487 οίκον

134 2519 192 2601 τάς
211 2518 380 2608 δυνάμεις

213 2620 304 2689 LXV
310 2619 372 2688 ΙΙΙΙ.
401 2586 613 2710 Ρωμαῖοιάὲ
629 2620 707 2701 τοός
724 2624 952 2709 καλουμένους
969 2616 1107 2706 άυτιβα-

84 2738 118 2789 25
136 2731 240 2803 σιλεῖς
270 2720 420 2807 ἑλόμενοι
449 2751 517 2793 των
547 2718 775 2845 άρχαιρεσίων
801 2714 969 2809 ἕνεκα,“
948 2751 966 2790 ο
998 2737 1110 2791 ποιεῖν

136 2820 334 2895 εἰώθασιν
316 2850 397 2892 οταν
414 2818 557 2913 άναρχία
575 2824 723 2914 κατάσχῃ
741 2852 803 2913 την
820 2822 937 2904 πόλιν,
957 2820 1109 2905 ’ὑπάτους
1187 2867 1188 2874 1

135 2922 313 3009 ἀπέδειξαν
331 2921 480 2997 Λεύκιον
492 2924 696 3014 Λοκρήτιον,
713 2928 770 2995 καλ
788 2936 888 2996 Τῖτον
903 2919 1111 3006 Οόετοόριον
1187 2987 1189 2990 .

137 3029 290 3114 Γέμινον.
320 3029 374 3096 έπλ
391 3029 448 3111 τῆς
466 3025 594 3098 τούτων
609 3025 712 3116 ἀρχῆς
729 3022 751 3115 ἥ
768 3055 803 3097 τε
822 3024 920 3107 νόσος
942 3023 1110 3096 ἐπαύσατο
1187 3027 1189 3032 ’

137 3129 192 3196 καλ
215 3126 255 3195 τά
279 3126 431 3197 πολιτικά
456 3127 643 3216 ἐγκλήματα
667 3126 835 3216 ἀναβολῆς
865 3135 977 3217 ἔτυχε,
1008 3124 1049 3194 τά
1072 3152 1110 3196 τε

87 3243 121 3293 30
139 3233 209 3297 λ’δια
227 3231 283 3296 καλ
300 3224 340 3296 τά
358 3225 464 3312 κοινά,
484 3232 702 3317 πειραθέντος
719 3231 781 3317 μέν
798 3219 899 3309 αὖθις
912 3229 950 3297 τὸ
962 3229 1038 3314 περὶ
1052 3232 1111 3313 τῆς
1186 3303 1187 3306 ¹

138 3336 338 3417 κληρουχίας
373 3337 555 3415 πολίτευμα
589 3348 698 3401 κινεῖν
732 3328 806 3410 ἑνός
835 3334 904 3399 των
930 3326 1112 3417 δημάρχων
1180 3359 1188 3423 j·

140 3433 267 3511 Σέξτου
296 3436 426 3517 Τιτίου,
457 3429 670 3512 κωλύσαντος
695 3432 732 3500 δλ
754 3434 814 3501 τοῦ
842 3430 951 3520 δήμου
982 3431 1038 3501 καλ
1062 3438 1112 3513 είς
