2384 3850
452 111 650 171 --z-
987 109 1028 173 13

3 309 14 364 γ
51 276 368 369 παραπορευόμεναι
386 284 593 369 παιδαγωγοὶ
617 296 778 370 γυναῖκες
797 280 953 352 σκιάδεια
968 284 1026 354 καλ

51 384 191 470 ῥιπίδας
208 387 420 471 κομίζουσαι,
442 384 497 452 καὶ
516 389 636 454 ἔλουον
653 378 775 465 αὐτοὺς
793 374 891 453 αὗται
908 387 1027 467 κτένας

52 487 103 561 είς
125 478 167 552 τά
189 488 352 569 βαλανεῖα
375 486 539 573 φέρουσαι
567 486 623 554 καὶ
652 482 770 575 μόρων
794 482 1026 577 ἀλαβάστρους

2 605 39 654 33
51 583 110 652 καὶ
127 579 304 672 κάτοπτρα.
331 583 468 676 τοιαύτη
487 591 702 678 διαφθείρων
718 582 834 676 ἀγωγῇ
851 585 929 668 τούς
946 602 1026 657 παί-

52 689 116 765 δας
134 686 197 766 ἕως
215 683 476 777 ἐκπληρώσωσιν
494 684 646 758 εἰκοστόν
664 695 747 777 ἔτος,
766 686 826 758 τὸν
842 685 908 756 άπὸ
925 692 1026 759 τοῦδε
1061 711 1077 761 σ

50 782 177 878 χρόνον
194 792 242 868 είς
256 783 383 879 ἄνδρας
402 799 454 858 εία
466 798 585 859 τελεῖν.
613 784 719 859 πολλά
733 788 771 858 δὲ
786 790 842 858 καὶ
854 785 940 859 ἄλλα
953 798 1028 859 Κυ-

51 892 164 977 μαίοις
183 891 363 978 ἐνυβρίσας
388 891 443 958 καὶ
462 886 717 979 λωβησάμενος,
742 891 799 960 καλ
824 886 904 960 οὔτε
925 885 1027 961 άσελ-

51 985 202 1076 γείας”
160 1015 238 1058 ουτε
251 987 416 1113 ὠμότητος
428 986 619 1086 οόδεμιάς’
599 988 838 1081 αποσχόμενος,
850 987 906 1066 ὅτε
919 988 1026 1081 ιἰσφα-

52 1093 121 1171 λαός
158 1093 308 1180 κατέχειν
341 1087 560 1182 ὑπελάμβανε
587 1090 650 1181 τὴν
672 1098 859 1187 τυραννίδα
890 1091 1027 1183 γηραιός

51 1185 104 1261 66
120 1186 204 1281 ἤδη,
229 1199 325 1274 δίκας
349 1201 459 1266 ἔτισεν
481 1191 523 1264 06
546 1191 695 1283 μεμπτὰς
718 1206 813 1276 δεοις
835 1222 873 1265 τε
895 1190 988 1264 ταδ’
968 1224 1026 1264 αν·
1046 1216 1079 1265 10

51 1289 207 1384 θρώποις
224 1293 398 1384 πρόρριζος
415 1291 630 1385 ἀπολόμενος.

131 1393 174 1462 X.
222 1402 269 1466 Οί
254 1394 327 1465 ίδ’
355 1395 601 1478 ἐπαναστάντες
631 1394 723 1490 αότῳ
711 1398 806 1467 καὶ
835 1394 897 1485 τὴν
928 1396 1027 1467 πόλιν

56 1493 387 1584 ίλευθερόσαντες’
369 1497 435 1568 απὸ
458 1501 517 1587 της
540 1472 755 1619 τυραννίδος
768 1526 800 1568 οι
793 1502 938 1577 παιδες
959 1501 1028 1568 των

54 1600 319 1688 πεφονευμένων
348 1593 411 1669 ὑπ’
436 1596 542 1670 αὐτοῦ
563 1601 710 1669 πολιτων
733 1586 837 1687 ἦσαν,
869 1594 928 1678 οὓς
951 1596 1024 1668 κατ’

54 1695 158 1789 νἰρχδς
171 1695 320 1781 ἅπαντας
332 1697 527 1771 ἀποκτεῖναι
546 1704 583 1770 ἐν
596 1697 704 1792 ἡμέρα
716 1729 776 1792 μιᾳ
761 1696 1027 1790 προελόμενος,
1047 1728 1079 1776 15

57 1797 252 1891 ἐπόσχεν”
225 1822 338 1893 ωσπερ
360 1797 495 1890 ἔφην(
475 1799 541 1873 υπὸ
567 1807 637 1873 τῶν
660 1797 956 1891 σωματοφυλάκων
977 1797 1029 1884 οἷς

58 1907 163 1974 ἔδωκε
189 1897 247 1985 τάς
273 1906 416 1995 μητέρας
447 1900 559 1975 αὐτῶν
583 1908 838 1996 ἐκλιπαρηθείς,
870 1905 925 1995 καὶ
952 1901 1024 1974 κατ’

55 2000 180 2096 άγροός
197 2002 358 2088 κελεόσας
376 2011 570 2095 διατρίβειν.
605 2002 730 2094 ὀλίγοις
748 2006 787 2077 δὲ
805 2012 913 2076 ἔτεσιν
929 2003 1030 2078 ὕστε-

55 2134 134 2195 ρον,
162 2104 336 2231 ἐπειδη
299 2135 358 2189 τας
382 2105 495 2198 κόμας
521 2105 655 2191 διεξιόν
671 2106 799 2197 πολλὴν
819 2108 876 2178 καὶ
893 2102 1030 2195 ιἰγαθήν

57 2206 218 2279 είδεν’
178 2236 290 2279 αυτων
320 2205 477 2298 νεότητα,
515 2215 628 2291 δείσας
658 2206 704 2298 μη
730 2206 1028 2300 συμφρονήσαντες
1046 2235 1081 2285 20

58 2304 347 2381 ἐπαναστόσιν’
308 2338 398 2381 αυτω
387 2308 547 2400 φθάσαι
566 2307 901 2400 διαχειρισάμενος
879 2336 1028 2392 απαντας

4 2428 47 2479 134
58 2408 216 2499 ίβοόλετο
234 2414 369 2503 πρλνί
332 2440 353 2481 α
355 2382 515 2483 ίδθίσθαι
532 2410 624 2482 τινά
651 2412 708 2481 καὶ
726 2408 933 2500 παραλαβων
948 2408 1028 2491 τούς

56 2519 178 2603 φίλους
197 2511 329 2584 ἐσκόπει
346 2510 416 2603 μετ’
439 2510 611 2585 αὐτόνδι’
633 2518 709 2584 οἵου
726 2509 852 2603 τρόπον
870 2509 976 2605 ῥᾷστά
992 2538 1030 2581 τε

57 2615 114 2685 καὶ
131 2610 268 2704 τάχιστα
285 2612 448 2698 λαθόντες
459 2611 749 2705 ἀναιρεθήσονται.
767 2616 865 2684 τοῦτο
884 2633 1029 2704 καταμα-

56 2713 178 2797 θόντες
195 2722 231 2800 oc
245 2723 375 2805 παῖδες,
395 2726 461 2787 είτε
478 2718 635 2806 μηνυθὲν
651 2713 717 2787 ὑπὸ
734 2718 803 2787 ταῖν
820 2714 1029 2787 συνειδότων
1046 2740 1080 2789 25

56 2813 160 2905 τινός,
169 2814 336 2889 ελτεαότοὶ
347 2814 430 2888 κατά
442 2815 501 2889 τόν
509 2821 620 2889 ίκτεῖν
633 2815 771 2889 εἰκότων
777 2814 936 2907 λογισμόν
942 2815 1029 2888 ὑπο

56 2917 275 3008 τοπήσαντες,
294 2918 481 3009 φεύγουσιν
499 2916 600 3000 είς
562 2949 604 2990 τα
620 2916 682 3010 όρη
695 2916 754 2990 τόν
766 2914 953 3008 γεωργικόν
969 2913 1029 3007 ἄρ

57 3041 224 3101 πάσαντες
235 3011 425 3113 σίδηρον
402 3049 486 3108 ηκου
495 3022 534 3091 δε
542 3017 656 3103 αυτοῖς
664 3016 1029 3142 ἐπίκουροικαταταχος

57 3126 93 3191 οί
115 3124 267 3213 ἐνδιατρί
264 3126 422 3212 βοντεςέ
422 3153 443 3194 ν
460 3122 585 3214 Καπόη
604 3128 769 3212 Κυμαίων
785 3117 954 3211 φυγάδες,
980 3109 1029 3191 66

57 3210 147 3310 ἦσαν
178 3225 437 3313 ἐπιφανέστατοί
467 3254 503 3295 τε
537 3227 593 3296 καὶ
626 3229 802 3305 πλείστους
832 3224 1030 3312 Καμπανων
1046 3245 1080 3294 30

58 3330 191 3413 ἔχοντες
208 3328 324 3409 ξένους
341 3354 359 3397 ο
362 3324 640 3415 ίΙππομίδοντος
657 3331 775 3407 παῖδες
792 3326 855 3394 τοῦ
870 3320 954 3394 κατά
971 3320 1031 3393 τόν

64 3426 275 3519 Τυρρηνικὸν
295 3425 565 3519 ίππαρχήσαντος
581 3426 739 3517 πόλεμον,
758 3421 856 3495 αότοί
873 3452 910 3495 τε
929 3422 1031 3493 ὡπλι-
