2384 3850
464 95 667 155 ..ρ-

71 269 138 341 τοῦ
157 264 282 356 χρόνον
306 266 393 338 εἶναι
415 263 617 356 φιλόδημος,
655 274 703 338 ἔτι
721 271 848 358 μάλλον
868 274 905 341 ἐκ
927 270 1049 363 ταύτης

18 414 24 425 ·
69 373 133 459 της
152 376 352 459 στρατηγίας
378 366 586 458 ἐθεράπευσε
603 366 639 439 τό
664 372 803 457 πλῆθος.
853 375 909 442 καὶ
933 374 1050 464 ἐπειδὴ

69 472 254 561 παρῆλθεν
276 468 295 541 ό
313 467 433 561 χρόνος
449 473 508 559 τῆς
525 477 699 563 στρατείας
716 467 809 561 άγων
821 471 884 562 τὴν
903 474 1051 566 δύναμιν

68 568 261 662 ὁλόκληρόν
283 600 319 642 τε
344 574 400 641 καὶ
423 569 754 675 ἀπαθη,,χρήμασιν
779 571 923 667 εύπορον
952 580 1050 648 κατέ-

69 696 176 764 στησε
190 671 253 762 τὴν
268 679 423 764 πατρίδα.
1066 697 1082 747 5

6 792 59 843 1744
152 775 205 845 ΙΙΙ.
242 782 383 846 Καίσων
409 774 446 845 δέ
473 772 601 863 Φάβιος
627 770 645 846 ὁ
671 778 781 867 ἕτερος
803 780 873 848 τοῖν
896 773 1047 869 ὑπάτων,

68 876 219 958 οὐδενὸς
240 894 354 966 χεῖρον
378 874 626 966 στρατηγήσας,
656 875 815 968 ἀφῃρέθη
838 877 897 950 τὸν
920 883 957 950 έκ
979 884 1049 952 τοῖν

68 988 185 1070 ἔργων
215 985 353 1050 ἐπαινον
382 976 461 1069 παρ’
489 974 591 1049 οὐδὲν
620 974 797 1070 ἁμάρτημα
828 986 932 1070 ίδιον,
969 978 1045 1053 ἀλλ’

68 1078 121 1153 ὅτι
141 1081 179 1152 τὸ
200 1078 377 1169 δημοτικόν
395 1076 458 1150 ούκ
477 1080 565 1169 εἶχεν
580 1075 716 1170 εύνονν,
733 1084 765 1165 ἐξ
783 1073 901 1177 ούιτδν
918 1079 1047 1157 ὕπατον

68 1181 226 1254 Κάσσιον
245 1184 300 1252 ἐπὶ
323 1188 366 1273 τῇ
386 1189 563 1273 τυραννίδι
587 1189 704 1272 κρίνας
727 1181 932 1257 ἀπέκτεινεν.
969 1183 1047 1258 ούτε
1066 1205 1116 1255 10·

67 1284 136 1375 γάρ
162 1282 225 1355 ὅσα
248 1288 319 1355 δέοι
342 1281 408 1355 σύν
431 1282 522 1373 τάχει
551 1289 724 1378 στρατηγῷ
749 1284 945 1358 κελεύσαντι
968 1287 1047 1369 τοὺς

66 1382 245 1477 δπηιαόονς
271 1397 487 1477 πειθαρχεῖν,
516 1381 597 1456 οὗθ’
629 1384 691 1457 ὅσα
714 1390 760 1480 τῷ
790 1386 957 1481 προθύμῳ
990 1392 1047 1460 καὶ

68 1495 109 1561 ἐν
136 1489 298 1581 πρέποντι
321 1490 550 1579 χρησαμένους
575 1494 634 1579 βίφ
657 1490 851 1576 κατασχεῖν,
878 1486 956 1559 οὔθ’
984 1488 1046 1560 ὅσα

67 1589 186 1679 λάθρα
203 1592 272 1661 τοῖν
295 1585 542 1679 άντιπολεμίων
567 1596 674 1679 χωρία
699 1597 747 1673 είς
769 1592 967 1674 πλεονεξίαν
991 1588 1044 1661 εύ-

66 1706 158 1765 θετα
199 1697 480 1783 σφετερίσασθαι,
522 1688 592 1761 οὔτ’
631 1687 712 1763 άλλο
748 1689 907 1783 πράττειν
941 1688 1043 1763 οὐδὲν
1064 1708 1096 1759 15

68 1798 199 1885 ἕτοιμοι
228 1784 331 1884 ἦσαν,
368 1796 400 1878 ἐξ
435 1783 478 1863 οὖ
512 1790 613 1883 τιμήν
639 1816 714 1865 τινα
737 1791 754 1865 δ
779 1791 963 1884 στρατηγός
988 1796 1045 1863 καὶ

68 1896 177 1982 δόξαν
199 1891 336 1986 άγαθην
361 1898 549 1979 ἐξοίσεσθαι
572 1902 698 1986 ἔμελλε.
753 1897 809 1968 καλ
843 1884 947 1966 τάλλα
982 1896 1045 1985 μὲν

66 1999 197 2087 αὐτῶν,
214 1995 276 2069 ὅσα
288 1992 480 2089 ὑβρίζοντες
492 1995 553 2068 τόν
565 1995 713 2088 ἡγεμόνα
729 1999 911 2088 διετέλουν,
926 2002 1044 2092 έκείνφ

67 2131 104 2174 τε
121 2091 225 2191 ἦττον
242 2090 436 2190 λυπηράῆν
459 2101 515 2170 καλ
538 2104 580 2192 τῇ
603 2098 699 2171 πόλει
721 2099 849 2191 βλάβης
874 2100 915 2172 ού
941 2099 1046 2190 μεγά-

4 2225 59 2279 1745
68 2214 131 2294 λης
163 2214 268 2272 αίτια·
302 2197 382 2271 δδδ
408 2206 628 2282 τελευτῶντες
662 2201 895 2291 ἐξειργάσαντο
929 2209 1044 2275 κίνδυ-
1062 2219 1097 2268 20

70 2335 133 2378 νον
150 2300 193 2374 ού
206 2301 327 2394 μικρόν
347 2301 469 2393 ἤνεγκε
486 2305 543 2372 καλ
565 2299 695 2391 πολλὴν
718 2301 882 2391 αίσχύνην
905 2298 1042 2390 άμφοῖν.

65 2408 251 2497 γενομένης
270 2403 333 2494 γάρ
351 2402 564 2493 παρατάξεως
583 2407 621 2473 έν
637 2405 685 2495 τῷ
696 2399 819 2492 μεταξύ
832 2404 900 2472 τοῖν
915 2401 1043 2492 λόφων,

68 2505 126 2599 ἐφ’
147 2503 198 2590 οἷς
215 2499 303 2596 ἦσαν
322 2503 660 2597 ἐστρατοπεδευκότες
677 2501 875 2596 ἀμφότεροι,
895 2501 986 2594 πάση
1004 2507 1046 2594 τῇ

67 2606 153 2699 παρ’
175 2611 342 2699 ἑκατέρων
356 2605 514 2698 δυνάμει,
543 2605 650 2678 πολλά
669 2609 725 2677 καί
749 2605 833 2676 καλά
857 2613 939 2695 ἔργα
963 2603 1044 2676 διπο-

70 2709 263 2799 δειξάμενοι
286 2713 342 2781 καλ
364 2707 443 2791 τούς
466 2717 646 2798 πολεμίους
670 2705 923 2798 ἀναγκάσαντες
947 2703 1043 2799 άρξαι
1062 2721 1097 2772 25
1140 2769 1146 2782 ,

67 2818 201 2902 φυγῆς,
237 2808 310 2883 οὔτ’
335 2808 573 2901 ἠκολούθησαν
604 2807 740 2881 άπιοῦσι
769 2814 829 2882 τού
857 2811 1046 2901 στρατηγοῦ

68 2913 180 2985 πολλοὶ
203 2911 456 2994 ἐπικελεύοντος
479 2909 558 2982 οὔτε
582 2919 849 3002 παραμείναντες
875 2915 1045 2997 ἐκπολιορ-

69 3021 173 3105 κῆσαι
190 3011 250 3086 τόν
267 3013 394 3105 χάρακα
404 3012 587 3103 ἠθέλησαν,
609 3009 683 3083 ἄλλ’
698 3011 855 3093 ἐάσαντες
869 3008 982 3092 ἀτελὲς
993 3017 1045 3100 ἕρ·

69 3147 135 3207 γον
163 3114 266 3187 καλόν
291 3112 444 3207 ἀπῄεσαν
473 3123 520 3198 είς
543 3114 606 3204 τὴν
636 3111 750 3186 αὑτῶν
773 3117 1043 3204 στρατοπεδείαν.

71 3216 356 3309 ἐπιχειρησάντων
380 3214 413 3297 δ’
438 3214 667 3308 αὐτοκράτορα
687 3212 746 3286 τόν
768 3211 898 3285 ὕπατον
921 3210 1046 3301 ιἰναγο-
1063 3229 1096 3276 30

70 3324 195 3408 ρεύσαί
223 3349 326 3392 τινων
347 3322 432 3410 μέγα
456 3316 680 3410 ἐμβοήσαντες
717 3312 837 3410 άθρόοι
867 3311 1044 3404 κακιζοόση

70 3428 112 3513 τῇ
134 3421 193 3513 [τε]
212 3427 312 3513 φωνῇ
329 3419 389 3493 τόν
405 3417 552 3511 ἡγεμόνα
571 3419 652 3510 [καί]
674 3417 885 3512 ἐλοιδόρουν,
905 3414 949 3497 ὥς
966 3423 1045 3484 πολ·

829 3527 892 3592 15*
