2384 3850
432 47 767 110 ·-z-·
1005 4 1084 118 τε

12 229 201 312 ἔχοντες
232 219 396 312 ἑκάτεροι
424 217 500 293 ἄλλ’
531 228 567 292 οί
589 221 696 313 μέν”
674 249 792 316 αποροι
817 228 996 309 δοκοῦντές
1013 256 1046 298 τι

12 311 225 449 γῗλπεριττὸν
256 326 468 443 ἐξευρηκέναι
502 321 562 396 τδν
598 329 749 416 Βροῦτον
783 329 839 397 καὶ
874 323 938 398 οὑκ
970 332 1045 419 είκή
1072 360 1076 369 ·

68 424 282 516 ὑποσχέσθαι
300 428 436 518 πρᾶγμα
452 428 664 516 τηλικοῦτον
692 433 728 499 οἱ
743 428 780 498 δέ
797 438 965 521 πατρίκιοι
983 457 1047 500 πε-

68 529 310 619 ριφρονοῦντες
327 524 389 615 τήν
406 525 596 618 κουφότητα
614 556 675 599 τον
663 525 887 621 ἄνθρωπον,
905 534 1022 602 καὶ
975 560 1046 602 των

67 625 345 719 ὑποσχέσεων
308 658 369 719 την
386 627 555 720 τόλμαυ”
535 659 597 712 εως
620 629 723 720 λόγου
745 631 912 722 χωρήσειν
934 631 1044 722 οίόμε·
1079 657 1098 707 5

67 749 139 803 νοι·
166 730 279 820 μηθὲν
295 727 359 822 γάρ
375 726 442 802 ὑπὸ
458 737 517 822 τής
534 736 659 821 βουλής
677 737 957 825 συγκεχωρῆσθαι
974 751 1046 816 τοῖς

69 830 253 924 δημάρχοις
282 835 343 915 ἐξω
372 836 435 904 τοὺ
457 841 599 923 βοηθεῖν
627 851 696 916 τοῖς
720 832 953 924 ἀδικουμένοις
975 839 1047 906 τοῖν

69 937 271 1024 δημοτικῶν.
295 931 340 1004 οὐ
357 933 425 1025 μήν
441 933 550 1006 ἅπασί
563 963 602 1024 γε
620 934 726 1028 είσήει
743 939 800 1007 καὶ
816 936 958 1026 μάλιστα
975 953 1047 1019 τοῖς

67 1039 311 1127 πρεσβυτέροις
328 1034 488 1128 ὑλυγωρέα
507 1042 567 1108 τοῦ
585 1037 796 1128 πράγματος,
820 1035 905 1109 άλλά
922 1042 1046 1131 προσέ-

67 1165 160 1229 χειν,
191 1134 237 1228 μή
268 1166 298 1208 τι
325 1132 509 1227 ἀνήκεστον
538 1133 559 1228 ἡ
584 1143 646 1210 τοὺ
674 1138 798 1233 ἀνδρὸς
830 1138 1044 1231 ἐξεργάσηται
1064 1164 1097 1213 10

67 1247 184 1330 μανία.
224 1243 265 1330 σή
290 1235 324 1310 δ’
344 1242 418 1328 ἑξής
435 1244 534 1312 νυκτὶ
555 1241 802 1330 κοινωσάμενος
825 1257 895 1324 τοῖς
915 1240 1045 1333 δημάρ-

68 1370 140 1431 χοις
157 1336 176 1411 ὁ
194 1344 342 1432 Βροῦτος
358 1341 420 1430 τήν
437 1345 559 1414 ἑαυτοῦ
576 1340 733 1432 γυάμην,
756 1345 812 1413 καὶ
829 1365 1046 1433 παρασκευα-

68 1441 214 1532 σάμενος
237 1460 332 1534 χεῖρα
355 1439 417 1515 οὑκ
439 1440 558 1534 ὀλίγην
581 1445 750 1533 δημοτῶν,
776 1448 951 1533 κατέβαινε
968 1441 1043 1535 μετ’

68 1542 185 1615 αὑτων
210 1551 258 1627 είς
283 1544 347 1634 τήν
368 1543 510 1635 αἰγοράυ·
544 1549 602 1615 καὶ
630 1549 712 1635 πρὶν
736 1543 864 1636 ἡμέραν
885 1544 1046 1634 λαμπρὰν

67 1647 231 1736 γενέσθαι
245 1645 508 1736 καταλαβόμενοι
520 1643 555 1717 τὺ
565 1644 791 1736 Ἡφαιστεῖον,
810 1652 896 1717 ἔνθα
909 1636 952 1735 ήν
965 1652 1045 1728 ἔθος
1062 1670 1096 1720 ιο

67 1743 185 1829 αὑτοῖς
209 1745 452 1837 ἐκκλησιάζειν,
477 1745 620 1819 ἐκάλουν
643 1748 706 1837 μέν
724 1755 771 1830 είς
789 1752 968 1836 ἐκκλησίαν
985 1744 1046 1819 τὺν

69 1852 187 1939 δῆμον.
220 1856 455 1943 πληρωθείσης
473 1851 512 1921 δέ
528 1854 586 1939 της
603 1847 746 1941 ἀγορᾶς·
770 1848 866 1940 ὄχλος
884 1846 948 1939 γὰρ
966 1845 1044 1934 ὑσος

66 1948 238 2023 οὐπώποτ’
261 1950 375 2024 είοέθει
392 1957 559 2041 συνήλθε·
577 1950 761 2043 παρελθών
773 1960 911 2034 Σκίνιος
928 1947 946 2022 ὑ
961 1951 1044 2043 δήμ-

67 2082 171 2144 αρχος
200 2052 310 2125 πολὺν
339 2054 401 2143 μὲν
438 2051 615 2143 ἐποιήσατο
651 2053 735 2125 κατὰ
764 2058 833 2124 τῶν
856 2062 1044 2144 πατρικίων

67 2153 189 2242 λόγον,
212 2153 342 2225 ἅπαντα
359 2153 625 2246 ὑπομιμνήσκων
642 2153 704 2226 ὅσα
722 2152 806 2227 κατά
822 2161 890 2226 τῶν
910 2161 1042 2245 δημοτι-
1059 2177 1095 2226 20

5 2260 141 2327 εσεκοῑν
159 2251 271 2338 αὑτοῖς
291 2255 458 2347 ἐπράχθη·
486 2266 601 2328 ἔπειτα
624 2252 712 2343 ὑπὲρ
728 2260 787 2345 τής
805 2256 1044 2348 παρελθούσης
1074 2309 1079 2315 ·

66 2357 194 2449 ἡμέρας
219 2360 412 2446 ἐδίδασκεν,
444 2354 489 2441 ὑς
513 2361 743 2446 κεκωλυμένος
766 2353 826 2427 ὑπ’
852 2355 966 2428 αὑτων
990 2369 1043 2446 εῖη

67 2457 173 2547 λόγου
191 2474 307 2550 τυχεῖν
329 2461 386 2531 καὶ
407 2458 470 2550 τήν
494 2462 650 2543 ἐξουσίαν
673 2462 731 2548 τής
749 2455 852 2550 ἆρχής
870 2453 1043 2549 άφηρημέ-

67 2588 137 2641 νος.
168 2569 265 2643 Τίνος
278 2558 342 2653 γάρ
356 2556 399 2632 ἂν
413 2569 461 2632 ἔτι
474 2568 669 2651 γενοίμεθα,
684 2566 760 2651 ἐφη,
779 2557 889 2649 κὺριοι
903 2563 972 2630 τῶν
984 2556 1043 2630 άλ-

67 2672 158 2751 λων,
183 2669 215 2732 εί
238 2664 324 2753 μηδὲ
345 2666 407 2733 τοὺ
429 2666 541 2752 λέγειν
565 2659 731 2752 ἐσόμεθα;
758 2664 828 2744 πῶς
853 2657 887 2732 δ’
913 2658 957 2732 ἄν
973 2691 1042 2733 τινι
1059 2682 1094 2733 25

66 2759 168 2853 ὑμῶν
185 2759 397 2859 ἀδικουμένῳ
427 2761 511 2857 πρὸς
533 2759 647 2835 αὑτων
670 2772 814 2853 βοηθεῖν
838 2769 1042 2853 δυναίμεθα,

68 2871 103 2935 εί
119 2862 182 2953 τήν
199 2868 355 2949 ἐξουσίαν
366 2872 427 2936 τοὺ
441 2880 647 2989 συναγαγεῖν
659 2860 746 2955 ὑμᾶς
758 2862 1044 2956 άφαιρεθείημεν;

66 2964 210 3055 αρχουσι
227 2965 291 3059 γάρ
310 2965 420 3055 δήπου
437 2964 561 3049 παντὸς
579 2974 680 3086 ἔργου
694 2967 798 3056 λόγοι,
816 2963 923 3036 καῖ’
886 2993 948 3035 ουκ
961 2963 1045 3054 αδη-

68 3078 132 3139 λον
155 3097 208 3139 οτι
230 3064 280 3151 οἷς
306 3065 460 3140 είπεῖν“
438 3098 459 3138 α
484 3090 671 3160 φρονουσιυ
699 3066 762 3138 οὑκ
785 3070 928 3155 ἔξεστιν,
960 3064 1043 3136 οὑδὲ·

67 3166 230 3293 πρᾶξαι
210 3198 254 3241 αν
272 3165 399 3292 ἐξείη“
377 3200 398 3240 α
416 3169 603 3257 βούλονται.
636 3164 771 3340 ήκομίζ
741 3177 852 3253 ίζεσθε
869 3157 945 3256 οὑν,
964 3174 1095 3262 ἔφησε

67 3268 134 3361 τήν
152 3266 352 3356 έξουσίαν“
330 3300 373 3396 ην
397 3268 565 3343 δεδοίκατε
588 3268 746 3361 ημῖν,
766 3299 811 3359 μη
801 3266 967 3359 μέλλετε
984 3275 1044 3356 βε·

67 3376 193 3463 βαιοῦν
210 3374 298 3466 αὐτη
313 3402 350 3444 το
337 3366 562 3466 άσφαλές,”
541 3401 562 3463 η
575 3370 669 3467 νόμῳ
687 3374 851 3464 γραφέντι
870 3368 1043 3441 κωλύσατε
