2384 3850
324 103 630 180 .;-Θ-
956 103 1020 167 253

19 277 206 364 αλύσαντο,
227 279 282 346 καὶ
301 283 399 348 δυεῖν
414 275 562 364 θάτερον
578 272 701 356 αὐτούς
718 273 836 365 ἠξίουν
851 274 1020 367 πράττειν,

44 377 60 467 ἢ
77 378 184 452 λύειν
201 375 243 448 τά
261 377 344 468 πρὸς
357 376 537 468 Ῥωμαίους
554 374 815 468 ὁμολογηθέντα,
827 372 849 467 ἢ
862 388 1021 470 πολεμεῖν

45 489 141 571 σφίσι
163 477 236 569 μετ’
259 483 406 551 ἐκείνων.
443 486 478 551 οί
495 481 530 550 II
552 476 748 552 Οὐιεντανοί
772 483 830 568 τῆς
848 480 910 568 μὲν
928 479 1020 572 είρή-

45 613 101 672 νης
119 579 190 672 τὴν
208 577 361 670 άνάγκην
378 578 538 672 ᾐτιῶντο,
562 577 652 662 ὅπως
678 576 711 650 δ’
730 574 774 652 άν
791 577 899 669 αὐτην
916 609 1019 653 κατα·
1038 596 1053 646 5

46 683 209 756 λύσαιντο
243 680 418 774 εὐπρεπαῖς
450 689 498 764 είς
535 681 650 754 κοινὸν
681 686 839 754 ἐτίθεσαν
870 700 1018 754 σκοπεῖν.

47 796 163 857 ἒπειτα
186 779 388 856 ὑποτίθεταί
407 814 456 866 τις
484 781 599 866 αὐτοῖς
623 793 769 874 ἔγκλημα
786 785 1021 874 ποιησαμένοις

47 888 99 958 τὸν
119 883 353 976 ἐπιτειχισμὸν
376 890 433 976 τῆς
450 888 624 976 Κρεμέρας
647 888 704 956 καί
720 883 758 958 τό
776 885 821 976 μὴ
838 882 1021 958 άπανίστα·

46 1002 126 1060 σθαι
162 985 242 1070 τούς
268 989 438 1080 φρουρούς
457 985 516 1058 ἀπ’
545 986 665 1076 αὐτῆς,
689 985 779 1080 λόγῳ
801 987 865 1076 μὲν
886 991 1021 1077 πρῶτον

47 1088 167 1175 άξιοῦν
181 1084 305 1171 αὐτούς
317 1095 465 1162 ἐκλιπεῖν
478 1086 514 1160 τὰ
528 1097 670 1180 χωρίον·
689 1087 750 1161 ἐάν
764 1089 802 1161 δὲ
814 1087 868 1179 μη·
874 1098 1021 1161 πείθωσι

48 1203 245 1283 πολιορκεῖν
257 1189 295 1262 τὸ
304 1190 481 1282 φρούριον,
495 1195 551 1262 καὶ
561 1190 686 1280 ταύτην
698 1188 805 1283 άρχην
814 1190 1021 1281 ποιήσασθαι
1040 1194 1072 1243 10

48 1301 102 1365 τοῦ
122 1293 286 1382 πολέμου.
317 1296 420 1364 ταύτα
430 1295 632 1383 συνθέμενοι
645 1290 892 1382 ἀπηλλάττοντο
911 1299 947 1364 ἐκ
960 1297 1022 1365 τού

49 1393 236 1484 συλλόγου·
261 1397 318 1466 καλ
328 1393 398 1484 μετ’
420 1390 462 1466 οὐ
476 1393 562 1466 πολύ
573 1393 773 1466 Οὐιεντανοὶ
786 1393 851 1484 μέν
862 1391 1021 1466 άποστεί-

50 1509 169 1578 λαντες
195 1503 378 1588 πρεσβείαν
402 1495 446 1579 ὡς
468 1493 548 1578 τούς
582 1505 733 1586 Φαβίους
757 1492 909 1586 άπῄτουν
938 1493 1018 1586 παρ’

50 1598 167 1684 αὐτῶν
191 1595 229 1667 τὸ
252 1597 436 1689 φρούριον,
468 1605 641 1691 Τυρρηνία
666 1598 705 1668 δὲ
728 1585 880 1684 πᾶσαῆν
898 1599 1021 1678 ἐντοῖς
1148 1655 1152 1662 .

50 1699 184 1781 ὅπλοις.1
211 1702 316 1772 ταῦτα
335 1695 487 1790 Ῥωμαῖοι
506 1699 721 1789 αἰσθόμενοι,
749 1705 890 1787 Φαβίων
907 1694 1020 1780 αὐτοῖς
1040 1710 1071 1761 1⁶

17 1839 18 1858 ÷
52 1797 328 1891 ἐπιστειλάντων,
361 1809 512 1891 ἔγνωσαν
538 1797 746 1892 ἀμφοτέρους
778 1799 1021 1891 ἐκπορεύεσθαι

51 1903 128 1987 τούς
146 1898 296 1988 ύπάτονς
321 1906 374 1976 ἐπὶ
397 1901 456 1975 τὸν
479 1901 642 1994 πόλεμον,
669 1901 728 1975 τόν
750 1930 787 1975 τε
804 1898 869 1975 άπὸ
892 1914 1022 1995 Τυρρη·
1148 1919 1155 1946 “

52 2014 126 2088 νίας
146 2004 354 2096 ἐπαγόμενον
372 2008 542 2097 σφίσικαὶ
560 2003 619 2078 τόν
633 2013 681 2077 ἔτι
692 2002 775 2096 πρὸς
788 2001 1022 2087 Οὐολούσκους

17 2114 258 2181 θεσυυεστάτα.
285 2106 432 2199 Ὁράτιος
449 2108 512 2197 μέν
530 2098 592 2180 οὐν
609 2106 703 2197 άγων
721 2106 782 2179 δύο
799 2107 948 2199 τάγματα
966 2109 1022 2178 καὶ

53 2209 116 2281 άπὸ
135 2212 206 2280 τῶν
222 2205 334 2281 ἄλλων
351 2207 534 2300 συμμάχων
551 2207 630 2291 τούς
650 2207 784 2290 ἱκανούς
803 2208 941 2299 ἐξήγαγε
961 2208 1023 2297 τὴν
1040 2219 1073 2267 20

54 2310 202 2401 δύναμιν
225 2314 279 2383 ἐπὶ
306 2308 550 2393 Οὐολούσκους.
599 2308 780 2398 Μενήνιος·
795 2311 834 2380 δὲ
856 2307 1023 2397 τοσαύτην

54 2409 214 2504 στρατιάν
231 2414 349 2500 ἑτέραν
366 2411 458 2503 άγων
483 2416 536 2483 ἐπὶ
559 2408 755 2502 Τυρρηνούς
779 2418 897 2500 ἔμελλε
919 2424 1023 2480 ποιεῖ·

54 2529 137 2587 σθαι
162 2511 226 2603 τὴν
249 2519 373 2599 ἐξούου.
418 2516 755 2608 παρασκευαζομένου
780 2510 813 2582 δ’
840 2510 944 2583 αὐτοῦ
967 2515 1023 2582 καί

54 2624 228 2707 τρίβοντος
243 2616 304 2688 τὸν
321 2616 453 2709 χρόνον,
473 2624 564 2705 ἔφθη
581 2614 675 2687 τὸέν
691 2615 847 2707 Κρεμέρᾳ
859 2611 1024 2706 φρούριον

57 2718 230 2809 ἐξαιρεθὲν
251 2716 318 2789 ύπὸ
342 2722 410 2792 τοῖν
427 2725 614 2809 πολεμίων,
641 2720 697 2788 καί
714 2715 751 2788 τὸ
771 2725 911 2805 Φαβίων
928 2718 1024 2805 γένος
1041 2725 1075 2774 25

56 2818 145 2891 ἅπαν
163 2815 379 2910 άπολόμενον.
404 2822 480 2914 περὶ
501 2822 538 2890 δέ
555 2822 614 2908 τῆς
630 2818 860 2909 κατασχούσης
877 2815 954 2900 τούς
967 2816 1024 2889 άν-

59 2928 138 3011 ὐρας
164 2927 338 3012 συμφοράς
362 2921 468 3004 διττὸς
483 2925 630 3011 ,φέρεται
655 2915 808 3010 λόγος,ὁ
836 2920 898 3009 μὲν
924 2910 1025 3007 ἦττον

59 3020 214 3112 πιθανὸς,
232 3019 250 3093 ὁ
269 3024 307 3095 δὲ
324 3027 517 3114 μᾶλλοντῆς
532 3022 694 3113 ἀληθείας
707 3018 899 3110 ἁπτόμενος.
925 3018 1022 3109 θύσω

59 3125 95 3195 δὲ
113 3120 236 3207 αὐτοὺς
254 3120 461 3216 άμφοτέρους
480 3120 524 3207 άς
542 3128 742 3215 παρέλαβον.

134 3227 267 3297 XVIIII.
292 3228 387 3310 Τινὲς
404 3229 467 3317 μὲν
484 3217 548 3298 οὐν
559 3249 677 3316 φασιν,
695 3224 745 3297 ὅτι
757 3231 882 3306 θυσίας
890 3222 1024 3295 ἐπιστά-
1042 3232 1076 3282 30

61 3350 117 3418 σης
134 3336 295 3421 πατρίου,
322 3324 366 3419 ἣν
390 3335 459 3400 ἔδει
480 3327 517 3401 τὸ
542 3335 683 3417 Φαβίων
707 3328 892 3399 ἐπιτελέσαι
915 3328 1023 3414 γένος,

62 3438 94 3501 οί
112 3434 174 3523 μὲν
196 3430 319 3525 ἄνδρες
343 3434 487 3520 ἐξῆλθον
508 3429 644 3520 ὀλίγους
667 3428 865 3521 ἐπαγόμενοι
882 3424 1026 3509 πελάτας
