2384 3850
81 152 87 161 .
166 105 229 168 218
548 74 752 163 -Ἠ-

168 284 311 367 σημαίας
329 274 586 368 κατεγράφοντο.
625 278 697 347 ἐπεὶ
723 276 760 346 δέ
778 267 815 347 τό
835 276 964 357 ἐλλιπές
987 278 1056 346 τῶν
1078 271 1125 344 λό-

167 408 237 469 χων
255 377 487 469 ἐξεπληρώθη,
525 375 790 468 διεκληρώσαντο
808 375 865 457 τάς
877 371 1056 467 ἡγεμονίας
1069 381 1125 447 τόν

168 483 403 571 στρατοπέδων
426 484 461 550 ολ
480 477 617 550 ὕπατοι·
653 480 710 549 καὶ
734 470 762 548 ὁΙ
776 479 840 568 μὲν
858 476 983 566 Φάβιος
1002 476 1063 572 τὴν
1080 480 1124 547 έπὶ

167 587 207 672 τῇ
234 589 378 674 βοηθείᾳ
408 586 475 652 τῶν
505 578 689 670 συμμάχων
716 577 960 651 ἀποσταλεῖσαν
992 578 1124 667 δύναμιν

133 701 150 749 5
167 681 424 774 παρελάμβανεν
431 736 440 771 ,
467 677 486 751 6
504 682 542 752 δέ
563 678 745 772 Οὐαλέριος
763 679 825 770 τὴν
849 683 886 752 ἐν
912 676 1124 760 Οὐολούσκοις

167 782 501 876 στρατοπεδεύουσαν
528 780 622 872 ἀγων
656 780 734 863 τούς
761 785 881 853 νεωστὶ
908 783 1123 872 καταγραφέν-

167 915 233 968 τας.
287 889 434 975 μαθοῦσι
460 882 577 972 δὲτὴν
601 880 919 973 παρουσίαν-αὐτού
944 901 1013 965 τοῖς
1036 890 1123 953 πολε-

167 995 255 1075 μίοις
274 985 383 1060 ἐδόκει
400 984 560 1077 στρατιάν
577 1014 613 1055 τε
638 988 755 1077 ἑτέραν
778 987 1052 1075 μεταπέμπεσθαι
1077 984 1122 1053 καὶ

169 1091 205 1158 ἐν
231 1088 431 1180 ίσχυροτέρφ
462 1085 498 1157 τό
525 1085 751 1177 στρατόπεδον
778 1084 984 1174 ποιήσασθαι
1014 1090 1122 1175 χωρίῳ,

118 1207 150 1254 10
168 1190 224 1257 καὶ
248 1188 355 1277 μηδὲν
380 1193 416 1258 ἐκ
439 1191 500 1259 τοῦ
521 1204 745 1277 καταφρονεῖν
769 1184 881 1257 αύτοδν
905 1193 952 1256 έτι
976 1185 1121 1301 προπετές

168 1287 417 1378 κινδύνευμα’
394 1318 439 1371 ως
456 1288 620 1380 πρότερον
637 1285 829 1379 ἀπομένειν.
885 1286 1032 1377 ἐγεγόνει
1052 1288 1122 1357 ταύ-

167 1420 208 1460 τα
222 1389 289 1461 διά
295 1393 433 1481 ταχέων,
458 1389 656 1481 ἀμφοτέροις
679 1418 716 1460 τε
740 1392 887 1481 παρέστη
906 1405 975 1472 τοις
999 1385 1122 1478 ηγεμόσι

168 1520 236 1563 των
255 1490 434 1582 δυνάμεων
457 1490 555 1581 ὁμοία
578 1495 658 1582 περί
681 1521 740 1562 τον
725 1492 906 1580 πολέμου
929 1489 1063 1580 γνώμη,
1091 1484 1122 1557 τά

169 1596 298 1664 ἑαυτῶν
322 1593 504 1682 φυλάττειν
534 1592 683 1683 ἐρύματα
709 1591 767 1663 ἐαν
797 1621 847 1674 τις
876 1594 968 1683 ἐπίη,
1004 1607 1070 1671 τοῖς
1093 1588 1123 1657 δε

118 1714 149 1763 15
167 1700 234 1765 των
262 1703 431 1785 πολεμίων
459 1693 503 1777 ὡς
533 1700 591 1787 βίᾳ
609 1694 854 1785 ’κρατηθησομέ
852 1722 924 1774 νοις
947 1691 992 1783 μὴ
1018 1696 1121 1781 ἐπιχει-

167 1812 249 1885 ρεῖν.
309 1798 365 1865 καὶ
387 1794 404 1865 6
431 1794 486 1865 διά
510 1798 615 1885 μέσον
642 1793 760 1886 χρόνος
783 1792 846 1865 ούκ
869 1790 981 1883 ὀλίγος
1007 1796 1122 1883 ἐγένετο

168 1901 205 1966 ἐν
217 1895 314 1990 φόβφ
327 1899 396 1967 των
411 1894 648 1987 ἐπιχειρήσεων
660 1894 870 1987 τριβόμενος·
898 1892 939 1966 ού
953 1896 1064 1986 μέντοι
1077 1894 1121 1964 καὶ

169 2005 215 2078 είς
232 2000 325 2078 τέλος
342 2025 381 2086 γε
396 2000 567 2085 διαμένειν
586 2001 623 2069 ἐν
641 2015 710 2080 τοϊς
729 1999 949 2088 ἐγνωσμένοις
969 1994 1121 2084 ἐδυνήθη-

168 2120 240 2168 σαν.
299 2096 399 2168 ὁπότε
428 2096 492 2188 γάρ
521 2102 729 2189 ἐπισιτισμοῦ
755 2097 854 2190 χάριν
880 2095 901 2188 ἢ
927 2102 995 2170 τοῖν
1024 2097 1121 2168 ἀλλων
1130 2102 1163 2152 172

117 2219 151 2268 20
169 2202 367 2287 ἐπιτηδείων
395 2199 501 2290 τινός,
529 2191 578 2271 ἀν
606 2200 804 2290 ἀμφοτέροις
835 2205 920 2290 ἔδει,
962 2198 1060 2290 μοῑρά
1084 2223 1123 2275 τις

167 2295 367 2390 ἀποσταλείη
390 2309 448 2390 τῆς
474 2307 639 2396 στρατιᾶς,
671 2309 841 2391 συμβολαί
868 2330 904 2372 τε
931 2299 1042 2372 αὐτῶν
1068 2302 1123 2386 ἐγί-

166 2430 264 2472 νοντο
293 2405 349 2473 καὶ
367 2410 508 2492 πληγαί,
533 2406 590 2473 καὶ
612 2401 649 2474 τό
666 2408 766 2473 νικᾶν
789 2401 855 2472 ούκ
880 2399 933 2473 ἀεὶ
956 2400 1045 2493 παρά
1066 2413 1123 2476 τοῖς

167 2500 280 2584 αὐτοῖς
305 2511 414 2592 ἔμενε·
442 2503 601 2585 πολλάκις
627 2505 664 2574 δὲ
683 2505 968 2594 συμπλεκομένων
984 2499 1122 2590 ἀλληλοις

165 2600 383 2692 ἀπέθνησκόν
413 2632 450 2674 τε
480 2601 542 2676 ούκ
571 2601 678 2694 ὀλίγοι
705 2607 760 2675 καὶ
784 2611 984 2696 τραυματίαι
1001 2609 1121 2678 πλείους

118 2723 151 2772 25
170 2708 328 2793 ἐγίνοντο.
387 2722 456 2786 τοῖς
479 2706 542 2794 μέυ
566 2697 630 2776 οὖν
650 2704 820 2795 Ῥωμαίοις
845 2705 881 2776 τό
902 2701 1121 2791 ἀπαναλούμε

166 2833 228 2875 νου
244 2807 302 2892 τῆς
320 2808 474 2894 στρατιᾶς
491 2804 632 2896 ούδεμία
651 2817 788 2879 οίκοθεν
808 2811 947 2878 ἐπιοῦσα
964 2807 1121 2888 ἐπικουρία

151 2903 364 2995 ἐξεπλήρου,
399 2902 437 2976 τό
456 2907 555 2976 δε
511 2935 578 2977 των
599 2905 824 2979 Οὐολούσκων
842 2901 1121 2996 στρατόπεδονάλ·

167 3016 235 3077 λων
255 3005 306 3076 ἐπ’
327 3003 476 3090 ἀλλοις
458 3006 610 3096 ηκόντωυ
636 3008 764 3097 πολλὴν
788 3006 928 3098 αὔξησιν
953 3008 1120 3099 έλάμβανε

168 3109 223 3176 καὶ
240 3106 347 3200 τούτῳ
367 3112 622 3198 ἐπαρθέντες
587 3139 619 3180 οι
637 3105 797 3232 ἡγεμόνες
816 3112 934 3198 ἐξῆγον
953 3113 989 3180 ἐκ
1007 3138 1063 3181 του
1075 3102 1120 3196 χά·

117 3227 151 3276 30
169 3235 269 3295 ρακος
286 3206 348 3295 τὴν
367 3206 554 3299 δύναμιν“
531 3240 575 3292 ως
594 3218 641 3293 είς
659 3209 777 3300 μάχην.

242 3307 554 3383 LXXXVHlL’E
522 3310 743 3394 Εξελθόντων
759 3313 796 3382 δέ
813 3315 934 3383 καὶ
887 3340 955 3383 των
968 3309 1121 3401 Ρωμαίων

167 3411 223 3478 καί
255 3414 554 3502 παραταξαμένων,
587 3410 707 3502 ίσχυρά
732 3413 819 3504 μάχη
847 3422 975 3502 γίνεται
1002 3415 1055 3484 καὶ
1078 3414 1120 3478 ίσ·
