2384 3850
458 117 660 178 -ο-
979 117 1044 184 303

68 318 118 380 τε,
132 279 160 360 ὦ
172 287 292 380 βουλῄ,
310 296 434 378 πολλῆς
451 284 534 380 ύμῖν
547 295 601 361 δεῖ
617 293 805 381 ἐπιμελείας
822 295 926 364 τεκαὶ
939 321 1042 385 φρον-

68 399 183 482 τίδος,
207 387 298 472 ὅπως
321 385 364 462 ἀν
382 389 511 480 σύσητε
532 389 623 484 πάση
645 399 820 486 προθυμίᾳ
843 393 1043 486 διαφθειρό-

69 521 158 584 μενα
175 491 216 564 τά
232 489 303 582 ἤθη
326 499 385 582 τῆς
403 491 538 575 πόλεως.
575 492 674 586 ὁρᾶτε
698 494 762 586 γὰρ
786 501 834 576 είς
856 492 879 565 δ
901 495 1042 587 προελη-

70 606 182 667 λυθεν
200 591 294 682 ἡτού
314 594 422 684 δήμου
440 593 595 685 ἀκοσμία,
614 599 672 668 καί
687 592 732 679 ός
749 592 861 667 ούκέτι
876 593 1040 689 ἄρχεσθαι

70 696 157 789 πρὸς
185 695 254 768 τ’λῖν
279 694 418 768 ύπάτων
441 694 542 781 ἀξιοῖ·
574 689 663 792 ᾦχε
685 696 727 769 ού
750 701 951 790 μετεμέλησε
972 704 1042 770 τόν
1075 724 1092 773 ε

72 796 201 872 ἐνθάδε
218 799 465 889 πραττομένων,
484 795 569 869 ἀλλὰ
587 801 643 870 καί
662 803 717 871 ἐπὶ
734 805 962 892 στρατοπέδου
978 798 1042 890 τὴν

70 896 181 989 αὐτὴν
198 898 396 986 ἀπεδείξατο
413 896 589 991 ἀκοσμίαν,
601 899 689 973 ὅπλα
699 929 737 973 τε
747 907 848 994 ῥίψας
865 905 922 973 καί
934 901 1042 987 τάξεις

71 1000 220 1074 ἐκλιπόν
243 1003 300 1072 καί
322 1017 443 1092 σημεῖα
466 1010 636 1093 πολεμίοις
662 1005 844 1097 προέμενος
867 1007 924 1075 καί
949 1008 1043 1097 φυγῇ

4 1121 61 1175 1890
71 1107 155 1195 πρίν
167 1109 214 1187 είς
227 1119 338 1196 χεῖρας
351 1108 466 1175 ἐλθεῖν
477 1108 695 1201 ἐπονειδίστῳ
701 1104 920 1200 χρησόμενος,
929 1102 1041 1198 ὥσπερ

72 1209 157 1296 ἐμοῦ
178 1203 283 1296 μόνον
305 1203 572 1296 ἀφαιρησόμενος
595 1206 658 1296 τὴν
676 1212 713 1279 ἐκ
729 1212 789 1298 τῆς
807 1216 903 1298 νίκης
928 1207 1040 1296 δόξαν,
1059 1229 1092 1280 10

72 1303 156 1386 ἀλλ’,
174 1305 252 1397 όύχὶ
280 1309 336 1378 καὶ
367 1312 425 1397 τῆς
455 1314 615 1399 πατρίδος
642 1309 679 1380 τὸ
702 1309 787 1380 κατὰ
814 1314 883 1382 τόν
908 1315 1042 1402 ἐχθρόν

72 1407 203 1501 κρότος.
223 1412 280 1479 καὶ
298 1413 363 1480 νύν
384 1405 611 1492 Οὐολούσκοις
627 1408 711 1481 κατὰ
724 1409 894 1501 Ῥωμαίων
911 1418 1041 1482 ἵσταται

72 1509 233 1604 τρόπαια,
261 1513 316 1581 καί
334 1528 505 1601 κοσμεῖται
528 1527 596 1594 τοῖς
619 1509 790 1602 ἡμετέροις
813 1510 977 1604 λαφύροις
1000 1511 1042 1582 τά

74 1619 215 1685 ἐκείνων
245 1611 318 1703 ίερά
347 1615 402 1682 καί
429 1616 465 1683 ἐν
492 1610 681 1703 αὐχήμασιν
709 1612 836 1702 ἡλίκοις
866 1609 1041 1685 ούπιόποτε

74 1721 113 1786 αί
127 1713 240 1798 πόλεις
259 1711 371 1786 αὐτῶν
384 1721 480 1804 είσιν,
496 1713 555 1806 [αἲ]
567 1717 650 1798 τέως
666 1713 753 1807 ύπδρ
765 1710 1041 1807 ἀνδραποδισμοῦ
1060 1735 1092 1786 15

73 1847 110 1888 τε
124 1819 182 1888 καί
194 1820 408 1906 κατασκαφῆς
425 1823 494 1886 τόν
504 1811 675 1907 ἡμετέρων
687 1815 844 1907 δεόμεναι
854 1812 1039 1907 ἡγεμόνων.

73 1909 140 2011 ἀρά
162 1948 201 2009 γε
223 1927 354 1991 δίκαιον
376 1911 523 2008 ἢκαλδν
543 1919 599 1991 ἐπί
622 1916 781 2003 τοιούτοις
804 1916 1043 2010 κατορθώμασι

74 2020 173 2115 χάριν
191 2020 305 2103 αὐτοῖς
322 2022 410 2111 ὑμᾶς
429 2022 565 2111 είδέναι,
584 2025 641 2093 καί
656 2028 830 2114 δημοσίαις
849 2026 1043 2112 ἐπικοσμεῖν

1 2141 64 2192 1891
76 2130 219 2215 δωρεαῖς
242 2120 533 2215 κληρουχήσαντας
556 2121 619 2213 τὴν
636 2128 712 2214 γῆν,
738 2115 779 2213 ἧς
796 2126 947 2215 πολέμιοι
963 2153 1042 2215 κρα-

4 2284 8 2289 .
74 2230 170 2298 τοῦσι
186 2225 224 2295 τδ
242 2222 325 2295 κατὰ
342 2222 480 2305 τούτους
499 2224 586 2295 εἶναι
603 2228 718 2314 μέρος;
741 2223 825 2295 ἀλλὰ
842 2233 878 2296 τί
893 2231 948 2296 δεῖ
967 2223 1042 2297 τού-
1059 2245 1095 2295 κο

1 2370 7 2405 ι
75 2357 143 2411 τοις
162 2332 326 2415 ἐγκαλεῖν,
345 2322 395 2408 οἷς
415 2321 459 2395 δι’
475 2321 701 2397 ἀπαιδευσίαν
717 2354 754 2419 τε
772 2328 827 2394 καί
843 2329 1043 2415 δυσγένειαν

74 2426 186 2519 ὀλίγος
211 2431 280 2499 ἐστὶ
303 2431 371 2499 των
393 2429 506 2499 καλόν
523 2424 639 2517 λόγος,
662 2426 826 2517 ὁρῶντας,
845 2422 890 2508 οἱς
907 2422 984 2497 οὔδ’
1005 2430 1043 2497 ἐν

75 2548 145 2615 τοῖς
162 2529 333 2622 ὑμετέροις
351 2527 451 2617 ἤθεσι
468 2532 572 2601 πᾶσιν
589 2535 638 2599 ἔπι
648 2527 687 2599 τό
698 2526 839 2618 ἀρχαίου
855 2534 943 2600 οίκεῖ
956 2527 1042 2621 φρό

76 2661 183 2723 νημα,
206 2628 282 2701 ἀλλ’
302 2626 472 2702 αύθάδεια
495 2631 557 2721 μὲν
573 2628 594 2719 ἡ
613 2628 775 2722 σεμνότης
793 2641 943 2702 καλεῖται
960 2628 1043 2720 πρὸς
1152 2636 1159 2645 ‘

77 2740 190 2823 ἐνίων,
212 2741 322 2825 μωρία
346 2734 384 2803 δὲ
406 2730 427 2822 ἡ
452 2731 669 2822 δικαιοσύνη,
696 2730 838 2822 μανικόν
862 2734 900 2803 δὲ
921 2730 958 2804 τό
981 2728 1043 2804 ἀν·
1060 2752 1094 2801 25

77 2844 203 2927 δρεῖον,
227 2837 283 2907 καὶ
306 2831 443 2923 ἠλίθιον
459 2831 496 2905 τό
514 2838 669 2926 σύφρους
698 2831 721 2904 ἀ
748 2836 786 2907 δέ
808 2832 930 2926 μισητὰ
953 2832 1043 2924 παρά

77 2953 145 3021 τοῖς
163 2939 334 3029 προτέροις
352 2928 406 3025 ἦν,
424 2940 528 3007 ταῦτα
544 2939 735 3028 πνργούταί
748 2964 785 3006 τε
801 2943 868 3006 νῦν
884 2935 941 3005 καί
957 2946 1043 3005 θαυ-

76 3038 180 3131 μάσια
209 3034 313 3129 Ιἡλίκα
347 3046 502 3127 φαίνεται
536 3054 606 3121 τοῖς
635 3038 896 3127 διεφθαρμένοις
917 3032 1044 3125 ἀχαθά,

1 3160 66 3212 1892
77 3138 246 3234 ἀνανδρία
268 3142 324 3211 καί
341 3146 530 3231 βωμολοχία
547 3140 604 3209 καί
622 3136 806 3226 κακοήθεια
828 3139 885 3208 καί
902 3136 940 3209 τὸ
957 3164 1045 3208 παν-

77 3248 203 3335 ούργου
228 3240 358 3333 [σοφὸν]
393 3240 508 3313 καὶτὸ
532 3239 615 3333 πρὸς
649 3237 758 3311 πάντα
788 3238 905 3330 ίταμδν
927 3241 985 3309 καί
1006 3235 1045 3309 τό
1061 3258 1096 3308 εο

79 3347 199 3433 μηδενί
217 3349 285 3416 νόν
303 3342 502 3435 κρειττόνων
521 3338 691 3424 εύπειθές·
718 3338 740 3411 ἃ
758 3337 880 3423 πολλάς
897 3338 965 3430 ἤδη
982 3336 1044 3409 πό-

79 3453 147 3527 λεις
171 3443 309 3537 ίσχυράς
338 3442 483 3534 λαβόντα
511 3448 547 3516 ἐκ
569 3440 711 3538 βύθρων
734 3438 905 3536 ἀνέτρεψε.
940 3435 1042 3511 ταῦθ’
