2384 3850
463 135 664 196 -0-
983 139 1046 204 307

80 300 308 376 Οὐολούσκων
330 303 436 394 πολλή
460 310 622 397 παροῦσα.
663 309 718 378 καλ
736 305 808 399 μετ’
826 309 868 380 06
884 309 971 383 πολι)
988 320 1057 386 τόν

77 411 286 496 περιπολίων
302 435 332 478 τι
350 413 420 478 τόν
435 405 626 528 Ρωμαϊκῶν
644 411 676 492 ἐξ
695 408 821 498 ἐφόδου
838 418 1057 504 καταληφθεν

80 497 261 578 ἐκαίετο
241 537 284 598 ην
303 506 395 579 δέ’
358 537 398 580 ον
418 507 473 579 διά
487 513 621 632 μακροῦ
637 512 695 599 τής
709 505 850 636 Ροέμης,
881 513 974 585 606⁸
960 544 978 585 0
998 546 1055 586 κατ

0 621 65 672 898
77 606 165 690 πνός
177 606 318 733 ἤγγελλε
330 625 399 692 τοῖς
412 615 501 681 ἐν
461 639 502 701 τη
517 609 659 682 πόλει“
623 639 662 682 το
675 610 793 695 πόθος.
812 612 886 684 τότε
902 607 1021 706 μέν
978 647 1053 707 ονν,

75 713 136 782 καὶ
160 709 224 801 γάρ
247 701 290 835 66
313 719 361 782 ἐτι
384 709 462 802 νόξ,
487 717 599 794 ίππεῑς
616 742 709 796 τινας
726 711 982 802 ἀποστείλαντες
1000 722 1055 790 ἐπὶ
1089 735 1105 783 5
1165 713 1173 735 ''

75 811 303 983 κατασκοπήν,
317 809 402 884 οί”
378 841 497 885 νπατοι
529 815 586 884 καὶ
612 813 765 904 φυλακὰς
791 817 1054 909 καταστήσαντες

77 915 136 984 ἐπὶ
157 931 234 998 τοῖς·
249 918 371 1004 τείχεσι
389 917 445 985 καὶ
463 913 558 986 αὐτοὶ
576 915 752 1005 ταξάμενοι
770 916 834 1010 πρό
851 922 921 992 τῶν
937 925 1055 993 πνλάν

75 1013 144 1086 σνν
160 1031 229 1098 τοϊς
248 1012 499 1106 εὐζωνοτάτοις,
524 1016 767 1107 ἐξεδίχοντο“
730 1047 788 1102 τας
806 1020 896 1113 παρά
912 1051 981 1094 των
997 1028 1055 1094 66-

76 1118 171 1188 πέων
193 1115 365 1206 ἀγγελίας
401 1147 446 1201 ως
471 1117 509 1190 δ
530 1113 658 1241 ήμέρα
655 1147 691 1190 τε
709 1122 856 1212 ἐγένετο,
874 1127 931 1194 καὶ
949 1122 1055 1249 συνή-

75 1229 216 1310 θροιστο
235 1215 348 1303 αὐτοῖς
366 1248 387 1309 η
375 1215 499 1292 ‘60
458 1249 500 1312 τη
517 1218 612 1291 πόλει
630 1213 823 1313 δόναμις,
802 1251 885 1313 ηγον
904 1228 957 1296 ἐπὶ
974 1224 1053 1309 τούς
1071 1241 1104 1289 10

76 1327 265 1442 πρλεμίονς.
310 1327 344 1392 οί
367 1323 405 1392 δὲ
435 1319 678 1412 διαρπάσαντες
706 1327 763 1394 καὶ
785 1324 1052 1411 κατακαύσαντες

76 1419 114 1492 τό
138 1419 302 1513 φρούριον
325 1420 477 1514 ἀπῄεσαν
502 1421 556 1493 διά
580 1421 709 1512 τάχονς.
761 1422 835 1496 τότε
856 1418 980 1515 μέν
941 1455 1003 1498 ονν
1020 1434 1056 1498 oc

75 1519 198 1594 ὕπατοι
225 1527 403 1613 σβέσαντες
426 1522 466 1596 τά
490 1533 538 1596 ἔτι
567 1521 727 1614 καιόμενα
757 1528 811 1596 καὶ
837 1531 897 1597 τοῦ
926 1535 1052 1654 χωρίου

74 1624 244 1751 φυλακήν
250 1623 485 1709 καταλιπόντες
499 1620 650 1719 ἀπῄεσαν
669 1631 718 1708 είς
741 1625 803 1716 τήν
820 1625 935 1700 πόλιν·
979 1626 1052 1700 όλί-

75 1757 150 1816 γαις
169 1722 202 1796 δ’
220 1725 362 1820 ὕστερον
379 1725 576 1851 ήμέραις’
533 1757 592 1815 τας
610 1756 646 1801 τε
663 1757 682 1798 ο
684 1735 788 1810 κειας
802 1735 932 1819 ἔχοντες
940 1730 1048 1854 δεινή·
1068 1744 1102 1792 15

73 1858 147 1918 μεις
165 1826 276 1898 καὶ
239 1857 296 1912 τας
314 1826 404 1921 παρά
421 1835 490 1901 τόν
506 1828 691 1921 σνμμάχων
704 1827 877 1921 ἐξήεσαν’
856 1829 1050 1925 ἀμφότεροι,

77 1929 275 2023 Οὐεργίνιος
297 1933 360 2022 μέν
383 1929 496 2003 662⁸
458 1962 521 2065 την
544 1939 592 2005 At
591 1936 720 2023 κανων,
743 1940 906 2024 Νομίκιος
931 1934 970 2004 δέ
997 1936 1050 2058 ἐπὶ

73 2031 135 2124 τήν
155 2028 394 2105 Οὐολούσκων
440 2036 496 2105 καὶ
515 2032 629 2119 αὐτοῖς
646 2031 843 2129 ἀμφοτέροις
861 2036 945 2107 κατά
960 2035 1051 2160 γνό-

73 2164 141 2225 μην
167 2133 208 2205 τόι
232 2163 291 2205 τον
280 2136 460 2258 ’πολέμρν
484 2134 660 2261 ἐχώρησεν.
716 2133 905 2231 Οάεργινίω
926 2167 963 2209 τε
986 2137 1050 2229 γάρ

73 2238 217 2308 Αἰκανοὶ
236 2234 428 2329 δῃοῦντι
390 2265 453 2325 την
470 2236 583 2328 χώραν
602 2234 714 2310 αὐτῶν
726 2233 789 2309 οόκ
803 2237 988 2329 ἐτόλμησαν
1001 2247 1049 2323 είς
1066 2251 1105 2301 20

72 2348 185 2430 χεῖρας
204 2340 329 2427 ἐλθεῖν,
340 2336 424 2409 ἀλλά
441 2340 496 2409 καλ
514 2337 614 2429 λόχον
630 2338 706 2409 τινὰ
723 2334 1029 2423 ότοκιιθίσαντες’
1012 2371 1050 2412 εν

71 2436 169 2521 όλαις
195 2441 376 2511 ἐπιλέκτων
398 2437 551 2531 ἀνδροῖν,
575 2448 610 2511 οἳ
633 2447 772 2531 ἔμελλον
796 2442 1049 2532 ἐσκεδασμένοις

72 2538 298 2630 ἐπιθήσεσθαι
321 2558 390 2625 τοῖς
413 2548 598 2633 πολεμίοις,
632 2541 814 2635 διήμαρτον
835 2545 893 2633 τής
914 2546 1049 2625 ἐλπίδος

70 2650 203 2734 ταχείας
225 2644 407 2733 γενομένης
429 2659 498 2725 τοϊς
510 2642 682 2733 Ῥωμαίοις
704 2643 894 2733 αἰσθήσεως
912 2645 967 2715 καὶ
984 2642 1049 2735 μά-

7 2764 60 2817 899
69 2772 129 2834 χης
148 2751 321 2838 καρτερᾶς,
341 2749 374 2829 ἐξ
392 2735 431 2835 ής
448 2744 592 2831 πολλοὺς
615 2752 684 2823 τῶν
706 2746 978 2836 σφετέρωνοίΑ
979 2753 1047 2817 ίκα-
1065 2756 1103 2806 26

69 2843 158 2916 νολ’
140 2873 187 2915 απ
190 2848 326 2935 ἐβαλον
355 2843 439 2917 ὥστε
457 2842 586 2917 066’6
554 2854 602 2930 είς
620 2864 740 2971 πεῖραν
752 2847 925 2937 ἑτέρας’
880 2876 986 2937 μαχης
1000 2845 1045 2919 ἐτ’

68 2944 219 3037 ήρχοντο.
274 2954 429 3041 Νομικίω
453 2974 497 3018 τε
513 2944 628 3037 ἀγοντι
652 2945 715 3072 τήν
737 2945 897 3038 στρατιάν
916 2946 1023 3017 666⁸
986 2977 1048 3035 την

63 3045 246 3120 Ἀντιατῶν
270 3044 432 3138 πόλιν,“
413 3078 438 3173 6
433 3046 501 3120 ’ἐν
519 3066 592 3130 ταῖς
616 3047 762 3175 6666663
785 3046 858 3120 τότε
874 3054 943 3118 τόν
963 3047 1048 3119 060-

66 3147 223 3222 λοόσκων
245 3147 383 3221 πόλεσιν
406 3141 467 3271 66,
499 3149 641 3275 οὐδεμία
668 3148 867 3275 ήναντιόθη
894 3145 1048 3241 δόναμις,

69 3248 144 3321 ἀλλ’
162 3246 230 3323 ἀπό
246 3278 315 3323 των
332 3256 452 3342 τειχῶν
464 3251 723 3380 ήναγκάζοντο”
703 3275 834 3325 εκαστοι
846 3248 1047 3342 ἀμόνεσθαι.
1067 3264 1101 3314 30

69 3355 107 3421 ἐν
138 3352 177 3423 δέ
207 3351 314 3423 τοότω
337 3351 359 3443 6
380 3380 417 3423 τε
440 3361 483 3447 γή
510 3353 624 3427 αὐτόν
646 3353 668 3444 6
691 3352 797 3479 πρλλή
816 3352 961 3444 ἐτμήθη,
992 3354 1049 3423 καλ

68 3460 211 3545 πολίχνη
233 3484 283 3537 τις
307 3454 539 3540 ἐπιθαλάττιος
569 3454 673 3546 ἐάλω,
706 3445 731 3547 6
761 3461 896 3527 ἐπινείω
926 3484 963 3527 τε
993 3458 1050 3527 καλ

831 3567 896 3631 20*
