2384 3850
441 100 641 159 „6-

47 265 283 357 θυμούμενοι,
319 271 375 339 καὶ
410 275 478 340 τῶν
513 272 685 362 προτέρων
711 270 862 361 Ιἀγῶνων
895 301 1023 364 μεμνη-

47 372 151 459 μένοι
167 374 301 441 πολλῶν
318 368 427 441 όντων
450 374 507 445 καὶ
532 375 644 443 καλῶν
673 378 710 445 έν
733 369 783 454 οἷς
808 372 928 457 αύτούς
954 381 1023 447 ένι-

47 474 145 593 ηᾶτε,
171 489 309 561 χωρεῖτε
331 470 414 563 μετά
417 481 624 603 προθυμίας
655 477 711 545 καὶ
742 477 796 545 ἐπὶ
831 474 929 547 τόνδε
963 477 1023 549 τὸν

46 569 184 660 ἀγῶνα
220 576 276 644 καλ
300 564 391 645 έν
361 604 388 668 ω
412 570 456 645 ἀν
478 573 575 665 ὑμῶν
599 580 734 659 ἕκαστος
762 586 874 670 χωρίω
898 584 1019 668 ταχθῇ,

45 678 150 745 τοῦτο
183 645 379 764 ύπολαβέτῶ
415 678 535 747 καλ
500 706 595 748 οικον
622 678 789 750 εἶναικαὶ
818 682 941 771 κλῆρον
965 683 1055 750 καλε

46 782 215 867 πατρίδα
251 775 351 849 καὶ”
332 807 349 848 ο
373 807 409 849 τε
426 776 542 863 σῶζων
566 779 626 850 τόν
660 778 876 906 παραστάτην
913 783 1021 874 ἑαυτῷ

46 876 213 967 πράττειν
234 877 297 970 τήν
320 886 489 970 σωτηρίαν
512 876 728 1006 ύπολαβέτω,
760 881 853 952 ταδ’
839 911 856 953 ο
883 886 1022 972 ἐγκατα-

46 976 161 1050 λιπῶν
190 980 251 1051 τὸν
285 983 440 1062 πέλας
423 979 545 1053 εαντόν
580 981 730 1072 ἡγείσθω
760 1000 829 1067 τοϊς
852 992 1022 1074 πολεμίοις

46 1079 263 1171 προδιδόναι.
304 1081 447 1173 μάλιστα
466 1082 496 1153 δ’
520 1088 627 1156 έκεῖνο
641 1090 833 1176 μεμνῆσθαι
847 1085 1020 1179 προσήκει,

46 1177 98 1251 ότι
122 1181 297 1272 μενόντων
320 1186 383 1274 μὲν
406 1182 544 1276 ἀνδρῶν
561 1190 618 1257 καὶ
635 1190 833 1278 μαχομένων
850 1184 966 1277 ὀλίγον
983 1188 1020 1259 τό
1041 1207 1073 1256 10

45 1278 286 1375 ἀπολλύμενόν
304 1289 410 1375 ἐστιν,
436 1287 661 1375 ἐγκλινάντων
684 1290 723 1361 δὲ
747 1293 803 1361 καὶ
825 1288 1022 1380 φευγόντων
1127 1350 1136 1365 .

46 1389 177 1477 κομιδή
194 1386 304 1478 βραχύ
322 1417 358 1459 το
348 1386 569 1479 σωζόμενον.

4 1499 39 1550 λ63
128 1488 171 1557 X.
215 1486 287 1560 Ἔτι
312 1490 350 1560 δὲ
373 1486 478 1561 αὐτοῦ
501 1495 655 1579 λέγοντος
679 1488 719 1561 τὰ
739 1499 786 1573 είς
809 1489 846 1562 τό
864 1506 1022 1580 γενναῖον

47 1589 222 1681 έπαγωγά,
252 1593 308 1661 καλ
332 1590 439 1662 πολλὰ
462 1592 586 1683 μεταξύ
604 1598 671 1663 τῶν
706 1591 816 1681 λόγων
852 1595 1022 1681 ἐκχέοντος

48 1689 196 1782 δάκρυα,
215 1696 367 1783 λοχαγῶν
392 1697 506 1765 τεκαὶ
531 1692 717 1784 ταξιάρχων
740 1696 887 1765 καὶτῶν
910 1690 1021 1765 ἀλλων
1041 1712 1073 1761 15

5 1825 6 1830 ¹
47 1799 267 1883 στρατιωτῶν
298 1798 436 1866 ἕκαστον
463 1786 491 1889 ςό
516 1795 657 1888 συνῄδει
683 1826 714 1867 τι
741 1792 894 1887 λαμπρόν
923 1802 1022 1887 ἔργον

48 1896 87 1966 έν
112 1894 234 1989 μάχαις
257 1894 508 1992 ἀποδειξαμένῳ
538 1896 606 1970 κατ’
633 1895 739 1990 όνομα
762 1896 1020 1986 ἀνακαλοῦντος,

46 2001 105 2068 καί
131 1998 239 2070 πολλὰ
267 2002 323 2069 καλ
347 1997 474 2089 μεγάλα
501 2016 570 2083 τοῖς
601 1997 816 2091 ἀριστεύσασι
846 1999 929 2072 κατά
960 1997 1022 2089 τήν

48 2098 162 2190 μάχην
185 2098 412 2191 φιλάνθρωπα
438 2100 561 2173 δῶσειν
584 2098 856 2194 ὑπισχνουμένου
880 2101 962 2194 πρὸς
984 2103 1021 2173 τὸ

48 2205 117 2272 τῶν
142 2201 297 2293 πράξεων
320 2204 479 2292 μέγεθος,
510 2203 606 2294 τιμάς
630 2234 665 2276 τε
693 2206 748 2274 καὶ
776 2203 941 2287 πλούτους
965 2207 1021 2274 καὶ
1039 2224 1072 2272 20

48 2301 106 2385 τὰς
125 2301 230 2386 ἀλλας
243 2311 416 2393 βοηθείας,
430 2301 630 2393 ἀναβοήσεις
650 2307 681 2389 ἐξ
695 2303 855 2374 ἁπάντων
869 2309 1020 2394 ἐγίνοντο

48 2414 197 2496 θαρρεῖν
207 2434 244 2477 τε
255 2410 578 2497 παρακελευομένων
590 2408 646 2476 καὶ
660 2403 755 2493 ἀγειν
770 2408 824 2476 ἐπὶ
835 2403 894 2475 τόν
907 2403 1022 2494 ἀγῶνα

48 2500 246 2588 ἀξιούντων.
299 2505 416 2598 ἐπειδὴ
456 2510 493 2579 δὲ
535 2505 704 2579 ἐπαύσατο
745 2509 946 2599 προέρχεταί
972 2535 1022 2587 τις

50 2609 86 2676 έκ
109 2613 172 2680 τοῦ
196 2607 367 2699 πλήθους,
392 2607 533 2700 Μάρκος
558 2606 768 2698 Φλαβολήιος
789 2606 911 2699 ὄνομα,
936 2606 1022 2698 ἀνήρ

50 2710 229 2800 δημοτικὸς
245 2712 308 2800 μὲν
326 2713 381 2781 καὶ
401 2707 601 2803 αύτονργός,
622 2710 662 2782 06
682 2709 749 2800 μήν
771 2714 839 2782 τῶν
861 2710 1021 2836 ἀπερριμ·
1041 2736 1073 2785 26

50 2814 164 2896 μένων
181 2841 242 2901 τις,
261 2808 345 2882 ἀλλὰ
362 2816 431 2883 τῶν
449 2817 702 2903 ἐπαινουμένων
717 2809 791 2883 διΗ
773 2813 896 2904 αρετήν
912 2811 1019 2885 καλ
983 2842 1023 2883 τα

50 2910 351 3004 πολέμιαάλκιμος,
367 2916 423 2986 καλ
434 2911 508 2985 δι”
487 2919 702 3004 αμφωταύτα
722 2913 797 2997 ένὸς
815 2921 883 2986 τῶν
900 2911 1023 3001 ταγμά-

6 3027 119 3084 Ιειτων
137 3043 178 3106 τη
166 3014 445 3108 λαμπροτάτη’
428 3021 513 3107 αρχή
534 3019 796 3108 κεκοσμημένος,
819 3005 842 3104 6
865 3013 922 3098 τάς
948 3011 1023 3104 ἑξή-

53 3143 157 3188 κοντα
176 3119 431 3242 ἑκατονταρχίας
450 3121 597 3190 ἕπεσθαί
611 3146 647 3189 τε
665 3116 774 3187 καὶ
743 3146 780 3186 το
803 3114 1024 3239 κελευόμενον

50 3214 234 3338 ιὲπηρετειν
257 3218 423 3291 κελεύει“
408 3249 427 3290 ο
452 3218 561 3310 νόμος.
616 3217 754 3301 τούτους
774 3214 925 3309 Ῥωμαῖοι
945 3216 1022 3301 τούς
1041 3243 1074 3292 30

51 3312 220 3409 ἡγεμόνας
237 3349 278 3411 τη
263 3325 426 3446 πατρίω
443 3319 573 3413 γλῶττη
597 3329 836 3452 πριμοπίλους
849 3325 1018 3392 καλοῦσιν.

52 3410 150 3503 οὗτος
163 3416 181 3491 6
195 3417 299 3513 ἀνήρ’
335 3414 378 3513 66
403 3425 440 3494 δε
463 3422 545 3515 πρὸς
571 3440 641 3505 τοῖς
659 3421 771 3505 ἀλλοις
793 3426 896 3513 μέγας
913 3451 949 3493 τε
967 3425 1023 3493 καὶ
