2384 3850
53 255 95 300 τε
116 228 176 298 καὶ
195 225 338 315 βοτάνας
356 222 545 314 σιτούμενοι
568 221 757 315 ἀνείχοντο·
785 222 864 297 ούτε
886 231 922 297 οἱ
936 225 1038 298 πλού-

55 352 131 400 σιοι
149 325 346 419 βιασόμενοι
363 325 440 410 τούς
458 323 722 415 ἀσθενεστέρους
739 330 781 418 τῃ
797 354 833 398 τε
850 335 958 421 οἰκείᾳ
976 336 1037 400 δυ-

55 430 165 520 νάμει
183 432 240 500 καί
263 433 306 520 τῃ
328 426 418 521 παρά
440 433 509 498 τῶν
526 432 680 499 πελατῶν
702 432 810 520 πολλή
832 427 918 521 ούσῃ
936 459 1036 501 κατα-

55 551 161 622 σχεῖν
179 529 274 602 αύτοὶ
291 530 354 619 τήν
370 528 470 601 πόλιν
486 526 646 620 ήξίωσαυ,
661 529 739 612 τούς
752 531 815 620 μέν
827 531 1040 614 ἐξελάσαντες
1162 618 1168 628 Ι

58 639 96 718 ἐξ
124 630 246 722 αύτής,
277 631 354 713 τούς
386 633 423 702 δέ
453 627 726 721 ἀποκτείναντες,
763 629 849 703 ἀλλά
886 635 1040 723 διέμενον
1074 654 1091 703 5

7 755 46 806 55
59 735 180 826 ὥσπερ
211 740 247 804 ol
274 737 532 825 σωφρονέστατα
562 732 814 824 πολιτευόμενοι
848 734 931 826 πρὸς
960 733 1040 815 τούς

57 835 162 918 υἱούς
181 840 319 925 πατέρες
338 833 502 926 εὐνοούσῃ
526 838 583 906 καὶ
601 838 770 927 κηδομένῃ
792 841 834 928 τῇ
853 834 940 927 ὀργή
957 834 1040 924 πρὸς

58 939 124 1022 τάς
143 933 336 1029 ἁμαρτάδας
360 934 473 1008 αύτοίν
490 935 663 1028 χρεόμενοι.
708 935 864 1028 τοιαύτης
882 938 920 1009 δὲ·
937 967 1037 1009 κατα·
1180 1020 1181 1032 ἶ

62 1040 215 1120 στάσεως
246 1036 347 1128 ούσης
384 1042 460 1129 περὶ
496 1039 558 1128 τήν
585 1034 712 1129 Ῥωμην
747 1045 786 1109 αἱ
815 1039 1040 1132 πλησιόχωροι
1180 1038 1182 1135 Ι

62 1141 181 1224 πόλεις
200 1139 343 1212 ἐκάλουυ
362 1139 439 1222 τούς
458 1145 685 1230 βουλομένους
709 1148 817 1213 οἰκεῖν
834 1141 924 1233 παρὰ
942 1150 1040 1232 σφίσι
1059 1163 1098 1214 1ο

55 1244 234 1333 Ῥωμαίων
257 1250 426 1324 πολιτείας
448 1271 484 1314 τε
504 1242 681 1332 μεταδόσει
704 1247 761 1313 καὶ
779 1240 892 1315 ἀλλων
917 1253 1040 1333 φιλαν-
1182 1250 1183 1285 ss

62 1343 218 1436 θρύπωυ
243 1348 374 1416 ἐλπίσιν
395 1339 623 1433 ύπαγόμεναι,
650 1351 689 1415 αί
708 1346 771 1434 μέν
793 1343 868 1415 ἀπό
881 1351 941 1415 τοῦ
964 1353 1041 1434 βελ·

62 1455 182 1518 τίστου
200 1443 246 1517 δι’
268 1443 403 1517 εύνοιάν
420 1474 455 1517 τε
474 1447 530 1515 καὶ
549 1453 644 1515 ἐλεου
660 1449 719 1533 τής
737 1450 929 1536 συμφορεῖς,
948 1451 987 1516 αί
1002 1448 1045 1517 δὲ
1140 1477 1142 1481 ’

63 1556 204 1629 πλείους
229 1547 283 1618 διὰ
306 1545 440 1638 φθόνον
462 1551 520 1636 τής
545 1546 648 1617 πάλαι
672 1547 751 1617 ποτὲ
774 1544 939 1635 εύτυχίας.
983 1550 1043 1616 καδ

63 1643 155 1739 ἦσαν
177 1655 213 1719 οί
233 1645 483 1730 ἀπαναστάντες
513 1656 711 1740 πανοικεσίᾳ
740 1650 796 1718 καὶ
819 1649 1040 1738 μεταθέμενοι
1059 1672 1096 1720 15
1159 1670 1164 1680 ·

64 1751 125 1834 τάς
150 1748 295 1839 οἰκήσεις
321 1752 462 1842 ἑτέρωσε
485 1753 603 1821 πολλοὶ
626 1748 732 1820 πάυυ·
762 1739 810 1820 οἶν
832 1755 868 1819 οί
881 1751 944 1841 μὲν
961 1748 1041 1822 ἀνέ-

67 1874 197 1943 στησαν
215 1843 332 1941 αὖθις,
358 1849 474 1943 ἐπειδή
487 1853 633 1943 ’κατέστη
651 1849 692 1921 τδ
709 1849 887 1944 πράγματα
903 1856 962 1943 τής
979 1850 1042 1922 πό-

67 1967 166 2043 λεως,
185 1960 219 2025 οί
235 1956 272 2025 δέ
291 1952 346 2025 καὶ
366 1957 545 2044 διέμειναν.
1040 1978 1044 1983 ’

145 2056 278 2126 XVIIII.
313 2060 422 2127 Ταῦτα
441 2057 478 2127 δέ
496 2052 600 2145 ύριόσι
616 2071 685 2138 τοῖς
701 2051 841 2140 ύπάτοις
860 2054 969 2128 ἐδόκει
982 2062 1042 2146 τῆς

66 2164 192 2249 βουλής
222 2155 460 2248 ἐπιτρεπούσης
490 2161 718 2250 στρατοπέδου
744 2169 918 2229 ποιεῖσθαι
942 2176 1040 2228 κατα·
1058 2179 1095 2227 νο

67 2260 204 2351 γραφήν
221 2264 278 2330 καὶ
296 2258 427 2347 ἐξάγειν
451 2262 512 2342 ἔξω
530 2256 592 2348 τήν
612 2257 766 2347 δύναμιν.
800 2255 984 2348 εἰλήφεσαν
1003 2260 1041 2329 δέ

67 2360 227 2453 ἀφορμήν
249 2366 294 2456 τῷ
320 2359 527 2452 ἐγχειρήματι
550 2364 762 2451 πρέπουσαν,
788 2364 983 2450 ἐπιδρομαῖς
1004 2364 1053 2429 τε”

69 2467 125 2535 καὶ
144 2471 336 2553 λεηλασίαις
359 2465 568 2551 κακουμένης
592 2465 650 2549 τής
672 2458 782 2550 χώρας
805 2458 872 2530 ύπδ
896 2465 964 2531 τῶν
982 2486 1040 2531 πο-

12 2572 195 2655 356λεμίων
211 2562 357 2654 θαμινά,
388 2562 429 2634 τά
452 2592 488 2634 τε
512 2560 595 2634 ἀλλα
619 2561 682 2633 ὅσα
707 2566 744 2634 ἐκ
766 2567 826 2633 τού
849 2560 1040 2654 πράγματος

70 2663 195 2758 χρηστά
217 2658 261 2755 ἦν
289 2663 564 2755 ἐπιλογιζόμευοι,
594 2662 778 2756 ύπερορίου
806 2670 960 2756 στρατιᾶς
986 2668 1040 2735 ἐκ·
1058 2684 1095 2733 25

71 2776 284 2858 πεμφθείσης
318 2766 364 2848 ὡς
400 2764 612 2860 εὐπορωτέρᾳ
642 2768 705 2857 μέυ
733 2770 844 2849 ἕξουσι
872 2771 912 2857 τῇ
935 2763 1042 2857 ἀγορᾷ

71 2874 216 2961 χρῆσθαι
246 2875 282 2939 ολ
303 2867 567 2957 ὑπολειφθέντες
599 2866 754 2949 ἐλάττους
777 2865 969 2956 γενόμενοι,
1005 2871 1042 2937 ἐν

72 2971 322 3061 ἀφθονωτέροις
358 2970 395 3040 δὲ
431 2968 582 3052 διάξουσι
617 2986 686 3051 τοῖς
714 2972 913 3058 ἐπιτηδείοις
944 2972 978 3037 οί
1000 2966 1042 3038 τδι

72 3072 156 3143 ὅπλα
175 3079 305 3163 ἔχοντες
330 3076 366 3141 ἐκ
388 3074 457 3141 τῶν
480 3077 651 3159 πολεμίων
676 3068 943 3159 ἐπισιτιζόμενοι,
975 3077 1043 3138 λω-

73 3172 171 3264 φήσει
196 3175 233 3244 δέ
256 3172 277 3261 ή
302 3171 416 3254 στάσις
440 3170 520 3243 ὅσον
543 3166 587 3243 ἀν
603 3169 625 3261 ἡ
643 3177 798 3262 στρατεία
820 3171 942 3259 κατέχῃ
965 3167 1041 3260 χρό-
1059 3189 1094 3238 30

73 3295 146 3347 νον·
179 3274 321 3365 μάλιστα
345 3274 383 3344 δέ
410 3278 565 3362 ἐφαίνετο
594 3279 681 3367 ἔργῳ
704 3267 906 3361 βεβαιώσειν
930 3266 1042 3341 αύταῑν

74 3375 130 3459 τάς
153 3376 334 3466 διαλλαγὰς
357 3373 656 3467 συστρατευόντων
679 3372 834 3462 ἀλλήλοις
857 3378 1042 3463 πατρικίων
