2384 3850
429 163 482 238 'ss
526 156 552 216 z
595 189 638 198 ·-
974 156 1016 220 τι

7 325 28 387 λ)
40 323 260 414 Οὐολοῦσκοι,
275 331 463 417 πρεσβειῶν
477 325 677 419 ἀπορρήτοις
688 311 921 414 διαποστολαῖς
939 334 1016 418 ἐνή-

37 455 99 516 χον
117 423 281 516 ἀλλήλους
306 436 353 510 είς
370 427 430 500 τόν
447 427 520 500 κατ’
541 429 653 500 αὐτῶν
676 428 840 520 πόλεμον,
867 428 911 514 69
929 429 1014 503 ἀδυ-

37 528 150 600 νάτων
168 532 344 626 ἐσομένων
354 542 389 601 εί
400 558 450 654 τις
466 529 579 660 αὐτοῖς
599 535 749 602 ἐπίθοιτο
767 536 1012 623 κεκακωμένοις

38 633 172 724 πολέμῳ
189 659 225 702 τε
242 635 298 701 καὶ
321 629 442 726 λιμά’
423 635 583 722 ἀντέχειν.
629 638 724 704 θεῶν
749 637 790 705 δέ
810 664 859 717 τις
884 632 1041 721 εὐνοια,

37 729 87 815 οἷς
110 723 292 823 φροντίς
272 762 316 822 ην
338 733 383 823 μή
407 729 615 825 περιιδεῖν
596 734 663 805 υπὸ
685 753 754 817 τοῖς
780 739 913 862 ἐχθροῖς
933 731 1014 806 Ρω-
1047 758 1066 806 5

37 841 158 923 μαίους
171 839 384 924 γευομένους,
404 840 633 926 ἐκφανέστατα
650 834 761 906 καὶ
723 864 797 907 τοτε
815 835 877 927 τήν
891 839 1014 960 ἕαυτής

39 932 185 1058 δύναμιν
200 935 407 1055 ἀπεδείξατο
443 943 599 1020 τοσοῦτος
616 937 681 1027 γάρ
705 967 754 1019 τις
772 936 870 1027 ἀφυω
890 946 937 1020 είς
954 937 1014 1018 τάς

38 1033 152 1118 πόλεις
169 1041 237 1107 τῶν
253 1037 477 1138 Οὐολούσκων
494 1038 624 1129 φθόρος
643 1037 789 1129 λοιμικὸς
815 1043 1013 1129 ἐνέσκηψεν,

38 1137 115 1221 ὅσος
139 1141 177 1208 ἐν
194 1137 311 1210 οὐδενὶ
335 1139 426 1211 ἀλλω
448 1139 540 1212 τύπω
564 1139 809 1232 μνημονεύεται
832 1138 1014 1230 γενόμενος

39 1237 118 1362 οὐδ’
136 1235 350 1322 Ἑλλάδος’Ι
310 1263 387 1312 ουτε
403 1215 637 1334 βαρβάρου
592 1273 665 1333 γης,
684 1247 797 1313 πάσαν
810 1239 945 1332 ήλικίαν
956 1245 1013 1311 καὶ
1032 1264 1066 1312 10

39 1339 144 1432 τύχην
163 1345 219 1412 καὶ
236 1341 341 1432 φύσιν
359 1346 559 1435 ἐρρωμένων
581 1375 618 1416 τε
641 1346 698 1415 καὶ
722 1343 881 1467 ἀσθεηῶυ
898 1341 1014 1432 σωμά-

39 1472 107 1514 των
122 1441 246 1533 ὁμοίως
265 1444 525 1537 διεργαξόμενος.
560 1444 710 1535 ἐδήλωσε
729 1447 768 1516 δὲ
785 1444 847 1536 τήν
864 1443 1013 1533 ὑπερβο-

41 1544 102 1633 λήν
118 1549 178 1634 τῆς
197 1551 372 1637 συμφοράς
390 1546 486 1628 πόλις
505 1545 669 1636 ἐπιφανής
686 1550 755 1616 των
775 1544 1013 1632 Οὐολούσκων,

44 1643 220 1738 Οὐέλιτραι
237 1645 342 1738 ὄνομα
356 1646 452 1738 αὐτῇ,
471 1647 599 1737 μεγάλη
616 1675 652 1718 τε
669 1649 726 1717 καί
743 1645 1014 1736 πολυάνθρωπος

7 1769 32 1820 41
42 1739 126 1820 οὐσα
149 1752 248 1839 τέως,
273 1739 312 1839 69
337 1745 354 1821 6
378 1749 490 1839 λοιμὸς
513 1760 595 1840 μίαν
612 1744 811 1820 ἀπελείπετο
834 1765 958 1838 μοῖραν
976 1751 1014 1816 ἐκ
1032 1768 1066 1818 16
1184 1798 1185 1801 =

40 1854 106 1922 τόν
124 1852 218 1940 δέκα,
236 1851 294 1935 τάς
313 1854 351 1925 δὲ
368 1849 469 1937 ἀλλας
486 1847 670 1941 ἀπολαβων
687 1849 864 1941 ἀπήνεγκε
897 1859 1015 1920 τελευ-

41 1958 163 2036 τῶντες
182 1952 214 2023 δ’
235 1945 297 2025 οὐν
314 1952 387 2025 ὅσοι
405 1959 570 2045 περιήσαν
595 1959 632 2025 έκ
649 1958 707 2042 τής
731 1956 905 2044 συμφορᾶς
930 1978 1014 2041 πρε-

42 2053 264 2144 σβευσάμενοι
293 2050 462 2145 Ρωμκίοις
503 2064 656 2148 ἔφρασαν
687 2058 750 2145 τήν
781 2060 922 2180 ἐρημίαν
956 2055 1013 2122 καὶ

43 2160 233 2247 παρέδοσαν
250 2154 312 2247 τήν
329 2156 436 2229 πόλιν.
470 2164 589 2247 Ιἐτυχον
609 2158 647 2228 δέ
664 2160 722 2228 καὶ
719 2155 902 2280 πρότερον
921 2157 1015 2224 ἐποί·

44 2287 119 2339 κους
139 2263 238 2329 έκ
199 2288 257 2349 της
267 2255 390 2349 Ῥοόμης
410 2255 643 2349 είληφότες,’
623 2289 671 2348 αφ
711 2249 751 2376 69
769 2286 790 2327 α
792 2264 877 2338 ίτίας
900 2254 1007 2324 καὶ
973 2284 1012 2324 το
1030 2276 1066 2324 νο

44 2359 203 2451 δεύτερον
219 2359 297 2442 τούς
314 2359 520 2451 κληρούχους
537 2357 618 2449 παρ’
639 2358 751 2429 αὐτοῖν
767 2356 882 2447 ήτουν.

24 2452 30 2463 ’
117 2462 202 2531 XIII.
251 2466 363 2534 Ταῦτα
392 2479 461 2544 τοῖς
482 2461 652 2552 Ῥωμαίοις
681 2462 830 2549 μαθοῦσι
860 2459 919 2545 τῆς
950 2455 1015 2545 μὲν

44 2568 217 2657 συμφοράς
240 2565 348 2647 οἶκτος
373 2563 494 2655 είσήει,
518 2566 574 2633 καὶ
592 2562 633 2632 οὐ
651 2558 776 2633 δεῖν’
749 2589 854 2654 (pomo
871 2576 941 2641 τοῖς
959 2562 1015 2682 ἐχ-

43 2677 138 2756 θροῖς
165 2669 219 2737 ἐπὶ
243 2666 413 2748 τοιαύταις
436 2663 550 2755 τύχαις
571 2680 808 2754 μνησικακεῖν,
832 2660 877 2743 69
897 2659 1014 2740 ικαυάς

45 2767 209 2840 δεδωκόσι
225 2786 294 2851 τοῖς
312 2782 406 2850 θεοῖς
422 2762 507 2859 ὑπὲρ
526 2773 624 2855 σφῶν
643 2772 738 2847 δίκας
755 2760 837 2835 ἀνθ’
858 2753 906 2832 66
920 2769 1013 2851 ἐμελ-
1031 2781 1066 2830 25

46 2877 103 2940 λον
132 2868 285 2961 δράσειν
319 2866 502 2960 Οὐελίτρας
531 2869 568 2939 δέ
597 2865 875 2957 παραλαμβάνειν
904 2860 1013 2933 ε’δόκει

46 2971 239 3063 κληρούχων
264 2971 326 3043 οὐκ
348 2970 472 3060 ὀλίγων
498 2964 665 3059 ἀποστολῇ
690 2964 796 3039 πολλά
818 2996 858 3055 τοι
882 2966 1015 3054 συμφέ-

47 3100 146 3165 ροντα
169 3078 206 3143 ἐκ
230 3080 288 3144 τοῦ
307 3071 497 3164 πράγματος
521 3073 807 3159 ἐπιλογιζομένοις.
840 3066 878 3137 τό
895 3094 932 3136 τε
949 3064 1013 3156 γάρ

47 3183 167 3265 χωρίου
186 3170 303 3246 ίκαυδυ
327 3174 413 3246 εἶναι
438 3178 591 3263 ἐφαίνετο
616 3174 753 3264 φυλακή
774 3165 934 3261 ἀξιοχρέῳ
952 3196 1014 3238 κα-

46 3278 219 3367 ταληφθὲν
236 3272 323 3361 old
303 3306 345 3348 αν
362 3282 570 3366 νεωτερίζειν
586 3269 608 3363 6
626 3287 825 3360 παρακινεῖν
842 3300 874 3341 τι
891 3278 1016 3359 βουλο-
1032 3291 1066 3339 30

17 3368 205 3470 ωμένοιςή
221 3381 335 3498 ,μέγα
350 3375 487 3500 κόλημα
512 3380 568 3447 καὶ
600 3372 760 3465 ἐμπόδιον
790 3372 891 3458 εἶναι
926 3367 948 3457 6
978 3396 1015 3438 τε

50 3478 170 3571 ἀπορία
191 3484 250 3570 τῆς
267 3485 392 3570 τροφής
420 3509 438 3568 η
457 3480 642 3569 κατέχουσα
663 3475 726 3565 τήν
750 3472 849 3543 πόλιν
872 3469 913 3541 οὐ
931 3466 1011 3557 παρ’

99 3627 176 3664 mou.
191 3629 234 3667 111.
690 3619 693 3625 '
841 3582 861 3643 2
