2384 3850
12 4 301 88 'mu-1¹³
337 1 446 37 ‘'ff-'³
684 87 687 90 Ι

445 121 486 171 ὶ-
530 127 557 186 Ζ
600 160 643 173 -
978 127 1018 191 81

34 302 101 386 τῆς
116 295 299 367 Ἀντιατῶν
316 301 396 386 γῆς,
415 298 594 369 καὶπολλὰ
611 300 673 388 μὲν
691 298 837 390 στύματα,
855 301 962 372 πολλά
982 303 1019 372 δὲ

39 396 260 488 βοσκήματα,
279 398 387 470 πολύν
405 400 443 470 δὲ
461 416 565 489 σίτου,
584 401 691 472 πολλὰ
711 403 747 472 δὲ
765 400 849 473 ἀλλα
867 402 1019 495 χρήματα

39 504 340 591 περιβαλομένων,
359 499 436 572 ου”τε
448 496 500 595 ’τῷ
518 510 619 596 ταμίᾳ
637 499 732 574 ταῦτ’
750 501 925 588 ἀπέδειξεν
942 503 1014 576 οὔτ’

38 601 148 684 αὐτὸς
162 600 367 693 ἀποδόμενος
386 609 433 684 είς
450 603 488 674 τὸ
509 602 670 694 δημόσιον
687 603 851 695 ἀνήνεγκε
865 605 902 676 τὸ
916 603 1018 695 άργύ-

40 734 141 795 ριον,
171 700 253 774 ἀλλά
280 707 425 795 διένειμε
454 709 510 776 καί
534 713 774 797 κατεχαρίσατο
801 723 869 789 τοῖς
895 711 1019 778 ἑαυτοῦ
1052 732 1068 783 5

38 813 158 896 φίλοις
181 803 316 878 ἀπασαυ
338 805 401 895 τὴν
424 813 534 878 λείαν·
562 815 660 880 τοῦτο
687 806 729 898 δὴ
746 815 947 899 τυραννίδος
964 838 1020 880 τε-

40 905 190 998 κμήριον
208 907 295 980 εἶναι
311 912 397 999 φημὶ
420 908 458 979 τὸ
479 917 594 1002 ἔργον·
623 914 693 992 παῖς
715 909 779 1000 γάρ
797 909 856 997 ού;
882 907 919 992 δς
942 909 1019 994 τούς
1074 949 1077 954 ·

45 1011 173 1081 ἑαυτοῦ
195 1007 339 1094 κόλακάς
355 1038 392 1081 τε
410 1014 467 1082 καὶ
484 1012 770 1104 σωματοφύλακας
789 1015 921 1103 καὶτῆς
938 1022 1019 1103 μελ-

42 1110 172 1201 λούσης
185 1118 386 1201 τυραννίδος
400 1113 585 1204 συνεργούς
601 1118 718 1186 ἐκτῶν
733 1121 903 1205 δημοσίων
922 1113 1018 1206 εὐηρ-

12 1217 135 1304 αγέτει
152 1211 345 1306 χρημάτων·
365 1219 421 1286 καί
439 1214 544 1306 νόμον
558 1215 742 1288 κατάλυσιν
763 1218 847 1288 εἶναι
865 1214 1020 1309 φανεράν
1039 1241 1070 1289 10

41 1315 173 1406 ταύτην
190 1318 287 1406 λέγω.
323 1323 419 1388 δυείν
436 1316 480 1406 δὴ
497 1315 644 1408 θάτερον
670 1317 874 1408 ἀποφηνάτω
892 1328 1019 1408 παρελ-

41 1416 124 1490 θων
138 1415 304 1508 Μάρκιος,
322 1413 343 1507 ἢ
361 1414 407 1502 ὣς
424 1416 465 1490 ού
484 1421 630 1510 διένειμε
646 1421 687 1504 τά
705 1420 841 1509 λάφυρα
853 1438 922 1502 τοῖς
938 1423 1019 1491 ἑαυ-

42 1524 107 1592 τοῦ
126 1528 255 1610 φίλοις,
281 1517 310 1600 ά,
320 1528 443 1608 ἔλαβεν
463 1525 499 1592 ἐκ
516 1527 574 1611 τῆς
592 1531 769 1612 πολεμίας,
800 1517 822 1611 ἢ
848 1516 892 1603 ὡς
915 1523 1019 1591 ταῦτα

43 1626 156 1693 ποιάν
173 1618 214 1692 ού
231 1621 390 1694 καταλύει
412 1622 491 1706 τούς
515 1621 654 1713 νόμους·
684 1613 732 1694 άυ
755 1621 934 1714 ούδέτερου
953 1625 1019 1706 ἕξει

42 1722 130 1812 πρὸς
147 1721 235 1814 ὑμᾶς
253 1732 369 1797 εἰπεῖν.
399 1721 494 1798 αύτοί
511 1723 575 1814 γάρ
593 1722 765 1817 ἀμφότερα
784 1734 866 1813 ίστε,
886 1727 941 1794 καὶ
959 1723 1018 1795 τὸν
1037 1748 1069 1798 15

43 1824 153 1916 νόμον
171 1829 234 1897 καί
255 1827 292 1897 τὸ
310 1834 427 1920 ἔργον,
452 1831 508 1898 καί
530 1823 594 1899 ούκ
613 1826 726 1900 ἔνεσθ’
747 1826 829 1918 ύμῖν
846 1825 1018 1917 ἀποψηφι-

43 1930 203 2019 σαμένοις
234 1926 338 2002 αύτοῦ
372 1929 424 2001 τά.
444 1938 557 2002 δίκαια
592 1935 648 2002 καί
678 1929 718 2001 τά
750 1928 872 2023 εύορκα
904 1936 1019 2001 δοκεῖν

47 2033 240 2120 ἐγνωκέναι.
270 2030 368 2114 ἐάσας
387 2030 430 2123 δη
448 2031 524 2115 τούς
542 2032 730 2123 στεφάνους
744 2032 853 2125 καὶτὰ
867 2031 1020 2124 ἀριστεία

45 2136 104 2204 καὶ
136 2130 176 2202 τά
209 2133 381 2225 τραύματα
411 2139 468 2206 καί
498 2134 560 2226 τὴν
590 2133 697 2225 ἀλλην
728 2142 901 2228 τερατείαν
937 2133 1019 2225 πρὸς

44 2239 153 2305 ταῦτα
178 2227 331 2324 λέγε,«ύ
354 2234 506 2329 Μάρκιε·
540 2244 754 2328 παραδίδωμι
784 2235 848 2326 γάρ
874 2234 940 2325 ἤδη
965 2236 1018 2306 σολ
1037 2258 1071 2307 20

45 2334 236 2424 τὸνλόγον.
613 2374 618 2383 ’
711 2354 713 2359 ’

126 2438 251 2508 Lxllll.
294 2442 398 2511 Τοῦτο
426 2440 464 2511 τὸ
488 2437 703 2534 κατηγόρημα
731 2435 860 2526 πολλὴν
885 2440 1020 2523 ἐποίησε

45 2540 110 2629 τὴν
130 2543 184 2611 ἐπὶ
201 2540 329 2632 θάτερα
346 2541 544 2632 μεταβολήν.
589 2547 625 2611 οί
647 2542 710 2630 μὲν
732 2536 796 2628 γάρ
823 2538 1020 2609 ἐπιεικέστε-

46 2651 106 2732 ροί
123 2672 159 2714 τε
182 2646 237 2713 καί
261 2640 504 2729 σπουδάζοντες
526 2638 613 2733 ὑπὲρ
638 2635 796 2732 ἀφέσεως
811 2645 871 2712 τοῦ
896 2636 1021 2733 ἀνδρὸς

46 2742 277 2836 μαλακώτεροι
293 2743 421 2816 τούτων
439 2742 643 2828 ἀκούσαντες
662 2747 829 2832 ἐγίνοντο·
852 2741 889 2814 τδ
909 2744 945 2813 δὲ
964 2772 1020 2813 κα·
1039 2764 1072 2814 25

48 2845 173 2935 κύηθες
195 2846 302 2935 ἅπαν,
333 2842 353 2917 δ
375 2852 435 2919 τοῦ
461 2846 569 2938 δήμου
591 2856 749 2918 πλεῖστον
772 2848 871 2937 μέρος
895 2836 954 2933 ἦν,
984 2848 1021 2931 ἐκ

47 2948 172 3030 παντὸς
189 2946 350 3019 ἀπολέσαι
373 2946 432 3020 τδν
456 2946 565 3040 ἀνδρα
588 2947 698 3041 δήπου
724 2944 1020 3039 προθυμούμενον,

18 3074 37 3125 53
49 3058 97 3121 ἔτι
121 3055 248 3140 μάλλον
273 3058 320 3133 είς
344 3055 448 3121 ταῦτα
475 3049 674 3144 ἐπερρώσθη
699 3048 844 3140 μεγάλης
868 3043 1045 3138 ἀφορμῆς

50 3156 107 3223 καὶ
119 3156 268 3242 φανεράς
283 3152 477 3243 λαβόμενον.
497 3144 542 3243 ἦν
558 3150 623 3244 γάρ
642 3148 773 3240 ἀληθὴς
790 3149 811 3239 ἡ
830 3153 899 3220 τάν
913 3146 1021 3239 λαφύ-

51 3284 121 3345 ρων
143 3253 311 3343 διάδοσις,
342 3251 384 3325 ού
407 3252 475 3345 μὴν
502 3259 538 3325 ἐκ
562 3251 787 3344 προαιρέσεως
811 3282 850 3340 γε
873 3253 1021 3342 πονηράς
1040 3273 1073 3321 30

51 3360 107 3427 καὶ
127 3358 179 3427 ἐπὶ
201 3360 391 3448 κατασκευῇ
412 3362 632 3449 τυραννίδος,
657 3350 702 3437 ύς
720 3349 738 3423 ὁ
757 3357 878 3435 Δέκιος
896 3350 1022 3445 ᾐτιᾶτο,

53 3461 232 3549 γενομένη,
252 3454 325 3529 ἀλλ’
347 3457 412 3530 άπὸ
430 3457 554 3541 παντὸς
571 3460 632 3529 τοῦ
650 3464 826 3545 βελτίστου
844 3457 902 3527 καὶ
920 3458 1026 3537 ἐπανῑ

104 3607 183 3643 mou.
196 3608 241 3648 111.
848 3566 872 3632 6
