2384 3850
484 27 685 86 -Θ-

102 203 172 270 νῦν
190 205 346 272 Λατίνων
363 195 521 288 πόλεμος,
544 192 584 268 δν
603 202 728 288 ἐπῆγον
746 195 859 281 αῦτοῖς
877 205 1024 272 Αἰκανοί
1037 228 1077 270 τε

102 304 161 372 καὶ
177 298 386 372 Οὐολοῦσκοι
404 303 496 382 τέλος
511 295 649 391 εύτυχές
668 306 758 390 ἔσχε·
777 303 833 371 καὶ
851 301 1007 394 παρῆσάν
1023 333 1075 374 τι·

102 431 159 484 νες
178 401 395 491 ἀγγέλλοντες
412 400 501 494 μάχη
513 405 714 491 νικηθέντας
727 397 978 492 ἀπεληλυθέναι
995 403 1075 488 τοῦς

101 512 284 594 πολεμιόυς
312 508 410 576 ἐκ
370 534 429 594 της
452 503 561 594 χώρας
585 500 714 594 αύνων,
739 506 795 575 καὶ
818 509 980 595 μηδεμιᾶς
1004 524 1074 588 τοῖς

100 603 290 728 συμμάχοις
308 612 355 676 ἐτι
370 613 443 678 δεῖν
457 613 619 695 βοηθείας
631 604 716 676 κατά
728 603 765 676 τδ
782 605 905 698 παρόν
924 636 942 677 ο
931 603 1073 697 μέντοι
1107 630 1125 678 5

99 705 254 790 Ναύτιος
282 697 436 780 οῦδὲν
413 737 513 797 ηττον
543 707 660 798 ἐπειδὴ
695 705 736 777 τά
766 711 804 778 ἐν
831 713 872 798 τῇ
902 716 1074 803 Τυρρηνίᾳ

99 807 281 902 πράγματα
298 817 407 893 καλῶς
429 818 548 898 σφίσιν
571 808 741 901 ἐχαίρησεν
764 809 919 899 ἐξηγε
883 840 946 899 την
972 834 1074 903 στρα-

98 909 188 982 τιάν.
221 911 375 1001 ἐμβαλών
410 908 441 980 δ’
469 919 516 994 είς
546 940 609 1001 την
635 910 860 983 Οὐολούσκων
882 910 996 1004 χάραν
1017 915 1075 982 καὶ

99 1009 233 1102 πολλὴν
250 1009 353 1102 αὐτῆς
373 1011 556 1098 διεξελθάν
574 1020 698 1105 ἔρημον
721 1008 925 1104 ἀφειμένην,
949 1010 1073 1105 ἀνδρα·

99 1113 220 1185 πάδων
236 1115 299 1204 μέν
316 1117 372 1186 καὶ
390 1113 612 1206 βοσκημάτων
628 1112 753 1206 ὀλίγων
770 1114 861 1187 πάνυ
880 1115 1073 1207 ἐκράτησεν,
1092 1134 1125 1182 10

99 1213 251 1307 ἀρούρας
276 1217 314 1287 δέ
338 1212 450 1288 αύτεόν
469 1221 506 1292 ἐν
524 1215 616 1308 ἀκμῇ
631 1223 693 1290 τοῦ
710 1225 806 1288 σίτου
829 1215 925 1301 ὄντος
950 1215 1074 1308 ἐμπρή-

100 1341 181 1408 σας,
200 1320 255 1388 καὶ
275 1315 359 1390 ἀλλα
377 1315 440 1390 οῦκ
458 1316 555 1408 ὀλίγα
567 1323 636 1388 των
653 1325 771 1400 ἐντοῖς
788 1317 904 1409 ἀγροῖς
922 1317 1075 1409 λωβησά-

0 1462 6 1490 ι
27 1446 90 1496 842
100 1447 215 1511 μενος,
232 1415 372 1503 οῦδενδς
382 1414 483 1511 ὁμόσε
500 1424 688 1512 χωροῦντος
706 1416 814 1510 ἀπῆγε
823 1418 886 1510 τὴν
897 1420 1072 1512 στρατιάν·

100 1522 288 1610 ταῦταμὲν
306 1525 361 1594 ἐπὶ
377 1521 506 1594 τούτων
523 1529 591 1594 τῦν
609 1518 746 1615 ἀνδρων
765 1520 926 1613 ἐπράχθη.

180 1623 335 1694 XXXVI.
379 1631 426 1694 Οί
453 1626 491 1696 δέ
522 1621 754 1714 διαδεξάμενοι
784 1621 938 1706 τούτους
952 1619 1073 1694 ῦπατοι
1092 1640 1125 1688 15

100 1715 217 1808 Αῦλος
236 1726 388 1812 Μάλλιος
412 1728 468 1798 καὶ
490 1725 634 1808 Λεύκιος
654 1725 815 1818 Φούριος,
839 1728 1074 1815 ψηφισαμένης

100 1831 163 1916 τῆς
179 1832 304 1917 βουλῆς
322 1826 380 1898 τὸν
398 1831 513 1918 ἕτερον
531 1827 645 1900 αῦτῦν
662 1824 821 1921 στρατιάν
840 1830 894 1896 ἐπὶ
909 1822 1075 1898 Οῦιεντα-

101 1928 183 2011 νοῦς
202 1926 313 2020 άγειν,
340 1927 570 2023 ἐκληρώσαντο
593 1934 670 2023 περὶ
694 1938 753 2022 τῆς
779 1927 895 2014 ἐξόδου
919 1927 1074 2019 καθάπερ

101 2028 217 2115 αῦτοῖς
236 2038 314 2115 ἔθος
331 2023 384 2121 ἦν.
404 2035 460 2103 καὶ
477 2031 590 2124 λαχοδν
607 2031 760 2119 Μάλλιος
779 2035 875 2121 ἐξῆγε
891 2030 950 2114 τάς
968 2030 1076 2102 δυνά-

101 2162 176 2223 μεις
201 2131 257 2203 διά
279 2137 422 2225 ταχέων,
446 2138 502 2207 καλ
528 2144 672 2225 πλησίον
693 2139 763 2206 τοῖν
785 2142 955 2223 πολεμίων
978 2160 1072 2203 κατε·
1090 2158 1125 2206 20

103 2238 401 2325 στρατοπέδευσεν.
439 2242 474 2306 οί
501 2236 539 2307 δέ
565 2232 764 2326 Οὐιεντανοὶι
793 2232 956 2324 τειχήρεις
978 2233 1074 2324 γενό-

101 2348 198 2427 μενοι
221 2338 303 2419 τέως
325 2338 388 2429 μὲν
411 2333 583 2429 ἀντεῖχον,
608 2339 665 2407 καὶ
689 2332 969 2427 διεπρεσβεύοντο
991 2335 1076 2423 πρός

101 2467 139 2509 τε
156 2438 215 2519 τάς
232 2436 333 2521 ἀλλας
352 2439 410 2521 τάς
429 2442 466 2511 ἐν
484 2449 670 2532 Τυρρηνοῖς
683 2436 807 2526 πόλεις,
826 2439 883 2506 καὶ
900 2436 982 2528 πρὸς
996 2433 1075 2517 τοῦς

101 2543 224 2611 νεωστὶ
248 2538 528 2633 συμμαχήσαντας
552 2540 666 2624 αὐτοῖς
689 2546 879 2628 Σαβίνους,
910 2536 1075 2664 βρήθειαν

101 2638 274 2725 ἀξιοῦντες
292 2639 485 2715 ἀποστεῖλαι
508 2649 605 2765 σφίρι
624 2639 681 2712 διά
697 2634 879 2731 ταχέων.
854 2669 898 2721 ως
918 2634 984 2710 δ
966 2636 1068 2710 απάν·
1090 2661 1126 2711 25

102 2772 172 2813 των
202 2742 434 2869 ἀπετύγχανον
462 2746 518 2814 καὶ
547 2742 606 2827 τάς
635 2741 760 2835 τροφάς
794 2739 1072 2830 ἀπαναλώκεσαν,

101 2842 170 2915 ῦπδ
188 2873 247 2933 της
265 2842 411 2937 ἀνάγκης
429 2847 490 2916 τοῦ
513 2853 612 2937 λιμοῦ
634 2849 834 2935 βιασθέντες
857 2841 1050 2931 ἐξηλθον’
1026 2872 1075 2925 ως

101 2944 163 3017 τὸν
184 2944 330 3038 ῦπατον,
362 2954 530 3039 ἱκετηρίας
552 2952 713 3039 φέροντες
736 2952 772 3016 οί
792 2941 1016 3035 πρεσβύτατοί
1038 2972 1076 3014 τε

103 3043 218 3118 αύτων
234 3050 291 3118 καὶ
308 3048 507 3140 τιμιώτατοι,
526 3076 605 3142 περι
592 3045 829 3129 καταλύσεως
843 3043 996 3134 δεόμενοι
1014 3048 1077 3115 τοῦ

29 3173 93 3223 1843
103 3153 259 3239 πολέμου.
279 3180 339 3223 του
325 3150 397 3222 δὲ
402 3157 556 3224 Μαλλίου
569 3143 1076 3238 κελεύσαντοςαύτοῑςάργάριόν
1093 3169 1129 3219 σο

104 3280 140 3323 τε
160 3258 207 3333 είς
225 3248 442 3344 ὀψωνιασμὸν
462 3256 616 3324 ἐνιαυτοῦ
634 3256 674 3343 τῇ
694 3254 830 3343 στρατιᾷ
848 3252 904 3321 καὶ
931 3247 1075 3338 διμήνου

103 3350 231 3446 τροφάς
266 3353 467 3447 ἀποφέρειν,
501 3351 583 3427 ὅταν
615 3355 652 3425 δὲ
681 3356 786 3425 ταῦτα
811 3351 998 3441 ποιήσωσιν
1028 3357 1076 3433 είς
