2384 3850
530 82 734 142 ..Θ-

148 286 220 350 γωυ
239 260 300 345 τῆς
322 258 474 339 ἐξουσίας
497 257 557 325 τού
570 249 707 342 ἀρχείου
725 250 927 342 κατάλυσιν,
964 251 1024 324 ἐὰν
1041 274 1124 323 στα-

149 357 285 445 σιάζωσι
301 354 386 448 πρδς
402 352 567 446 ἀλλήλους
585 360 620 425 οἰ
630 351 762 447 ἄνδρες.

226 460 262 531 ll.
298 456 431 548 Ταύτην
448 458 715 547 εἰσηγησαμένου
732 454 796 544 τὴν
813 453 952 545 γνώμην
967 452 1123 545 Ἀππίου,

151 561 307 647 δόξαντες
342 558 445 633 αὐτὸν
470 554 582 648 ύρθώς
606 574 785 649 παραινεῖν
812 563 847 628 οί
867 585 903 628 τε
921 555 1043 629 ύπατοι
1067 561 1124 629 καλ

117 692 134 741 ο
151 668 220 737 τών
236 661 350 734 ἄλλων
366 668 401 733 οἰ
417 657 654 748 δυνατώτατοι,
682 663 790 751 πολλῇ
806 666 974 751 θεραπείᾳ
988 658 1124 751 διεπρί-

150 771 264 851 ξαντοι
284 761 362 846 τούς
385 765 542 853 τέτταρας
566 765 603 831 ἐκ
626 764 695 833 τών
720 759 901 851 δημάρχων
919 767 1065 841 οἰκείους
1082 768 1123 852 τῇ

151 871 258 957 βουλῇ
281 867 451 955 γενέσθαι.
487 870 523 935 οἰ
545 864 584 934 δὲ
602 865 683 943 τέως
706 863 768 952 μὲν
793 861 880 957 λόχφ
903 870 1124 953 μεταπείθειν

139 967 210 1041 Ιτδν
232 967 366 1038 Ἰκίλιον
400 971 596 1056 ἐπεχείρουν
630 962 816 1053 ἀποστῆναι
850 968 919 1035 τών
953 966 1030 1055 περὶ
1065 968 1124 1053 τῆς

151 1075 353 1160 κληρουχίας
382 1065 651 1156 πολιτευμάτων,
687 1070 750 1147 ἕως
777 1072 812 1137 οἰ
834 1064 972 1156 πόλεμοι
995 1063 1125 1153 λα’βωσι

101 1198 135 1246 10
152 1173 261 1251 τέλος·
298 1164 343 1250 ώς
362 1164 395 1239 δ’
415 1164 613 1259 ἠναντιοῦτο
630 1171 687 1239 καλ
705 1164 873 1258 διώμνυτο
891 1166 992 1256 λόγον
1011 1195 1047 1237 τε
1065 1166 1124 1239 τδν
1185 1226 1186 1239 2

154 1268 410 1343 αὐθαδέστατον
442 1278 550 1343 εἰπεῖν
570 1268 746 1360 ’ἐτόλμησε
773 1272 834 1341 τού
861 1267 969 1360 δήμου
995 1267 1126 1360 παρόν-
1185 1338 1186 1345 ,

151 1403 224 1462 τος,
255 1369 305 1443 ὅτι
329 1376 456 1463 μᾶλλον
480 1366 523 1442 ἂν
546 1369 701 1460 βούλοιτο
732 1369 924 1462 Τυρρηνούς
954 1373 1012 1441 καὶ
1045 1372 1126 1455 τούς
1185 1366 1186 1429 Ῠ

151 1474 272 1558 ἄλλους
296 1482 476 1565 πολεμίους
498 1470 727 1564 κρατήσαντας
749 1477 808 1562 τῆς
831 1471 959 1554 πόλεως
983 1475 1125 1563 ἐπιδεῖν,

151 1574 172 1667 ἢ
193 1575 272 1659 τούς
289 1578 485 1667 κατέχοντας
502 1578 561 1663 τῆς
584 1572 693 1665 χώρας
710 1573 773 1663 τὴν
792 1580 957 1665 δημοσίαν
974 1570 1126 1663 ἀφεῖναι,

104 1704 136 1753 15
156 1677 311 1762 δόξαντες
329 1674 487 1769 ἀφορμὴν
505 1680 679 1765 εἰληφέναι
696 1675 804 1765 καλὴν
827 1672 909 1766 πρὸς
934 1672 1126 1747 αύθύδειαν
1185 1762 1186 1773 χ

151 1778 317 1870 τοσαύτην
334 1783 395 1850 τού
411 1775 572 1850 τάναντία
589 1781 700 1867 λέγειν
717 1806 753 1849 τε
772 1781 827 1849 καὶ
845 1774 1019 1869 πρύττειν,
1044 1777 1127 1849 οὐδὲ

152 1887 212 1953 τοῦ
243 1880 353 1970 δήμου
380 1881 439 1953 τὸν
476 1878 577 1970 λόχον
607 1877 713 1970 ἡδέως
746 1881 944 1970 δεξαμένου,
981 1878 1127 1952 κωλύειν

153 1980 256 2052 αύτὸν
274 1990 423 2070 ἔφησαν,
448 1984 504 2051 καλ
528 1986 683 2072 φανεροῖς
709 1989 872 2071 ἔπραττον
895 1979 958 2053 ὅσα
981 1986 1022 2073 τῇ
1046 1990 1126 2070 βου·

153 2085 196 2172 λῇ
212 2109 248 2151 τε
266 2085 409 2163 καὶτοῖς
426 2080 565 2163 ὑπάτοις
583 2089 715 2173 δοκοίη·
752 2085 919 2174 μονωθεὶς
938 2085 975 2155 δὲ
994 2082 1128 2167 Ἰκίλιος

101 2210 136 2258 20
154 2180 293 2267 ούδενδς
312 2191 360 2255 ἔτι
374 2182 488 2275 κύριος
506 2175 557 2273 ἦν.
593 2185 676 2274 μετὰ
699 2190 797 2258 τοῦτο
822 2183 843 2275 ἡ
866 2185 1004 2274 στρατιὰ
1028 2199 1185 2264 κατε-17η

153 2284 319 2379 χρύφετο,
349 2289 406 2358 καλ
440 2282 530 2357 ὅσων
554 2293 624 2357 ἔδει
647 2290 694 2380 τῷ
717 2290 851 2382 πολέμῳ
870 2286 978 2358 πάντα
1000 2284 1127 2378 ὑπηρε-

153 2407 252 2477 τεῖτο,
270 2387 311 2458 τὰ
328 2389 391 2478 μὲν
410 2393 446 2458 ἐκ
462 2392 532 2460 τών
550 2395 738 2479 δημοσίων,
762 2389 802 2459 τὰ
821 2390 859 2460 δὲ
878 2393 916 2460 ἐκ
939 2393 1008 2460 τών
1027 2396 1129 2461 ἰδίων
1184 2407 1185 2488 χ

153 2485 265 2582 ἆπύση
300 2497 490 2582 προθυμίᾳ·
526 2493 582 2560 καὶ
615 2490 672 2560 διὰ
699 2489 819 2580 τύχους
843 2495 878 2562 οἰ
896 2488 1018 2562 ύπατοι
1052 2497 1128 2562 δια·
1184 2491 1185 2574 ἰ

154 2590 406 2683 κληρωσύμευοι
440 2591 480 2662 τὰ
514 2590 744 2683 στρατεύματα
785 2592 941 2684 ἐξῄεσαν,
977 2592 1127 2686 Σπόριος
1184 2587 1185 2590 “

103 2716 137 2765 25
157 2694 219 2781 μὲν
237 2691 383 2780 Φούριος
406 2695 461 2763 ἐπὶ
483 2692 542 2774 τδις
568 2700 730 2766 Αἰκανών
755 2693 884 2783 πόλεις,
920 2700 1062 2766 Καίσων
1090 2696 1126 2764 δὲ

96 2846 102 2858 s
155 2791 281 2882 Φάβιος
305 2795 360 2863 ἐπὶ
388 2792 592 2883 Τυρρηνούς.
643 2803 782 2888 Σπορίῳ
811 2797 873 2885 μὲν
898 2786 961 2868 οὖν
991 2794 1125 2868 ἅπαντα

154 2895 237 2966 κατὰ
268 2899 352 2967 νοῦν
383 2893 551 2985 ἐχώρησεν
579 2891 641 2986 ούχ
663 2895 919 2988 ὑπομεινάντων
940 2905 988 2980 εἰς
1011 2914 1124 2988 χεῖρας

155 3002 270 3070 ἐλθεῖν
295 3005 363 3069 τών
385 3005 572 3087 πολεμίων,
609 3000 664 3069 καί
689 2996 795 3070 πολλὰ
814 3003 850 3070 ἐκ
868 3003 926 3088 τῆς
949 3007 1125 3092 στρατείας

155 3102 319 3186 ἐξεγένετο
348 3097 501 3191 χρήματά
524 3129 560 3171 τε
582 3102 639 3169 καλ
664 3099 800 3191 σώματα
825 3108 951 3189 λαβεῖν.
996 3105 1126 3190 ἐπῆλθε

102 3223 137 3270 30
155 3197 219 3289 γὰρ
238 3197 354 3286 ὀλίγον
368 3207 443 3272 δεῖν
460 3204 572 3273 πᾶσαν
587 3198 672 3291 ὅσην
689 3209 725 3272 οἰ
739 3205 890 3294 πολέμιοι
908 3200 1022 3294 χώραν
1046 3230 1126 3274 κατ-

156 3316 246 3390 εῖχον
268 3296 361 3386 ύχων
384 3305 440 3370 καλ
462 3305 596 3391 φέρων,
624 3306 681 3373 καί
711 3301 752 3373 τολ
774 3303 910 3394 λύφυρα
932 3321 1003 3387 τοῖς
1026 3326 1124 3397 στρα-

154 3399 286 3481 τιώταις
310 3397 442 3471 ἅπαντα
472 3407 656 3494 ἐχαρίσατο.
713 3411 824 3477 δοκών
854 3407 892 3476 δὲ
910 3409 966 3476 καί
982 3403 1043 3477 τδν
1061 3405 1125 3498 πρὸ
