2384 3850
460 39 658 100 ..ρ-

26 231 50 282 m
59 217 93 284 ἐν
113 210 193 303 ἥβη
213 214 359 282 πολιτῶν
376 209 461 297 ὑπὲρ
479 211 536 294 τὰς
554 215 676 282 ἕνδεκα
693 209 859 304 μυριάδας
875 203 980 302 ῆσαν,
998 208 1045 294 ολς

59 319 94 384 ἐκ
112 319 183 402 τῆς
203 320 341 401 έγχιστα
362 310 526 402 τιμήσεως
550 309 695 403 εὑρέθη,
727 319 898 402 γυναικῶν
926 316 964 385 δέ
987 317 1043 384 καὶ

59 423 206 487 παίδων
225 417 281 486 καὶ
298 417 356 504 τῆς
374 420 537 505 οἰκετικῆς
554 422 737 503 θεραπείας
759 413 915 509 ἐμπόρων
932 445 969 486 τε
987 419 1043 486 καὶ

59 523 130 590 τῶν
160 518 393 607 ἐργαζομένων
419 514 475 598 τάς
506 515 698 606 βαναύσους
721 517 839 607 τέχνας
862 525 1042 639 μετοίκων·

60 617 246 691 οὐδενὶ
205 647 270 710 χαρ
290 616 387 706 ἐξῆν
386 627 548 708 Ρωμαίων
572 617 650 690 οὔτε
673 617 824 707 κάπηλον
840 616 918 690 οὔτε
934 646 1077 711 χειροε

61 725 193 811 ιε’χνην
212 727 289 809 βίον
307 727 410 810 έχειν·
422 719 492 844 ρύκ
511 717 885 810 ἐλαττονῆτριπλάσιον
902 725 964 792 τοῦ
980 749 1044 792 πο-

61 827 201 893 λιτικοῦ
214 819 382 911 πλῆδονς
396 818 455 904 οδς
468 819 897 913 ούκῆνπαραμυδῆσασδαι
910 821 1041 916 ράδιον,

62 922 409 1050 άχανακτουνταςπ
369 927 409 994 ἐπ
412 927 492 1018 λτω
515 923 620 998 πάθει
643 927 699 994 καλ
728 926 969 1015 συντρέχοντας
995 933 1042 1008 είς

63 1026 128 1114 τῆν
155 1021 287 1116 άχοράν
313 1026 369 1094 καὶ
392 999 627 1114 κατάβαωντας
655 1055 725 1098 των
748 1028 785 1096 ἐν
807 1043 876 1108 τοῖς
898 1029 1040 1117 τέλεσιν,

66 1133 125 1198 ἐπί
141 1154 180 1198 τε
199 1125 257 1210 τάς
275 1133 382 1208 οίκίας
399 1131 467 1199 τῶν
484 1135 658 1199 πλουσίων
680 1125 764 1198 κατά
781 1133 911 1218 πλῆθος
929 1125 1041 1200 άθου-
1061 1153 1093 1200 10

66 1232 212 1318 μένους,
231 1231 286 1298 καὶ
306 1229 497 1319 διαρπάζειν
517 1232 765 1321 ἐπιχειροῦντας
782 1227 861 1320 άπερ
880 1227 967 1320 ὠνῆς
985 1231 1042 1312 τάς

67 1333 294 1420 ἀποκειμένας
319 1327 432 1414 αὐτοῖς
456 1331 590 1422 τροφάς.
627 1337 663 1402 ολ
685 1332 721 1400 δέ
746 1327 908 1422 δῆμαρχοι
936 1330 1043 1403 συνά-

68 1460 189 1520 γοντες
208 1428 331 1516 αύτούς
349 1440 397 1515 είς
416 1437 596 1521 ἐκκλησίαν
620 1434 675 1503 καὶ
694 1439 957 1522 κατηγοροῦντες
974 1437 1043 1504 τοῖν

69 1542 257 1625 πατρικίων
275 1532 320 1616 ιδς
337 1542 407 1606 αίεί
421 1563 453 1605 τι
471 1533 574 1606 κακδν
593 1536 646 1606 ἐπὶ
664 1550 733 1614 ποίς
751 1536 870 1623 πένησι
887 1563 1042 1624 μηχανω-

71 1637 201 1724 μένων,
227 1633 406 1714 καὶπάνθ’
432 1633 495 1708 ὅσα
518 1634 653 1708 πάντοτε
673 1634 767 1706 δεινά
784 1633 868 1705 κατά
884 1635 947 1726 τῆν
964 1633 1041 1707 άτέ-
1060 1659 1092 1706 15

71 1735 220 1827 κμαρτόν
233 1765 269 1808 τε
282 1739 338 1808 καὶ
359 1735 553 1827 ἀφύλακτον
566 1737 761 1828 ἀνθρώποις
781 1734 885 1827 τύχην
903 1740 1042 1808 ἐκείνων

26 1847 156 1931 ιιιιέργα
175 1840 339 1930 λέγοντες,
358 1835 517 1933 ὑβριστάς
537 1841 624 1910 εἶναι
641 1839 781 1931 πικροὺς
800 1835 1040 1930 ἐξειργάσαντο.

73 1939 233 2067 τοιούτοις
263 1941 480 2033 συνεχόμενοι
509 1957 625 2024 κακοῖς
655 1948 691 2013 οί
722 1939 843 2013 ὕπατοι
873 1944 1042 2031 πέμπουσι

74 2043 150 2125 τούς
169 2046 468 2135 συνωνησομένους
486 2059 580 2116 σίτον
599 2047 700 2115 ἐκ
653 2074 721 2114 των
739 2042 906 2133 σύνεγγυς
929 2041 1042 2115 τόπων

75 2143 153 2234 μετά
173 2148 307 2215 πολίων
324 2143 519 2270 χρημάτων,
537 2144 644 2217 καὶ
611 2175 670 2217 τον
684 2149 721 2217 ἐν
737 2164 809 2228 ταῖς
826 2152 984 2228 οίκίαις”
965 2174 1041 2217 ετα-
1060 2166 1093 2214 20

75 2251 133 2330 ξαν
152 2245 248 2327 είς
217 2275 254 2316 το
273 2244 477 2338 δημόσιον’
458 2250 641 2337 αναφέρειν
664 2238 742 2329 τούς
767 2244 865 2327 είς
831 2276 891 2317 τον
910 2249 1042 2317 ἕαντων

76 2357 150 2435 βίον
168 2355 308 2421 πλείονα
324 2378 384 2421 τον
371 2355 540 2442 μετρίου
558 2350 832 2438 παραθεμένους,
850 2345 951 2435 τιμῆν
968 2342 1042 2438 δρί-

76 2472 191 2532 σαντες
209 2446 418 2543 άποχρωοαν.
454 2455 559 2522 ταῦτα
577 2449 619 2541 δῆ
637 2451 693 2519 καὶ
710 2446 794 2519 άλλα
812 2446 918 2517 πολλά
934 2477 1042 2537 μηχα-

77 2550 218 2641 νάμενοι
235 2580 382 2643 τοιαυτα,
402 2556 603 2644 ἐπέσχον
558 2581 627 2625 των
644 2549 798 2640 πενῆπων
816 2548 874 2674 τάς
892 2576 1042 2638 παρανο-

78 2660 152 2742 μίας
174 2650 273 2723 ταδ’
254 2654 470 2749 αναστροφῆν
494 2661 617 2743 ἔλαβον
644 2658 703 2743 τῆς
734 2660 782 2735 είς
812 2651 872 2723 τὸν
895 2650 1041 2742 πόλεμον
1058 2672 1092 2720 25

79 2760 297 2847 παρασκευῆς.

152 2856 274 2929 XXVI.
308 2854 449 2931 ”Euelff
472 2864 509 2928 αί
524 2859 586 2947 μεν
605 2862 732 2941 ἐξωδεν
750 2854 977 2948 ἐβράδυνον’
960 2882 1042 2941 αγο-

31 2989 73 3039 13
31 2968 145 3049 ραί
162 2959 202 3029 τδι
221 2958 252 3029 δ’
275 2960 366 3043 ἐντὸς
383 2966 513 3049 τείχους
526 2964 651 3050 τροφῆς
669 2955 808 3047 ἐχόμενα
821 2953 930 3026 πάντα
942 2983 1042 3025 κατα-

82 3059 216 3148 νάλωτο,
236 3057 430 3155 άποστροφῆ
450 3062 487 3134 δε
504 3089 572 3131 των
590 3087 704 3131 κακων
720 3054 862 3147 οὐδεμία
875 3046 919 3147 ῆν
933 3058 1041 3148 ἑτέρα,

82 3159 160 3232 άλλά
174 3169 270 3234 δυεῖν
283 3163 429 3253 θάτερον
445 3157 592 3253 ἐχρῆν,”
570 3191 591 3251 η
605 3161 683 3243 τούς
695 3166 873 3249 πολεμίους
887 3162 1042 3248 ἐκβαλεῖν
1059 3181 1093 3229 30

85 3268 178 3333 ἐκ
139 3294 194 3353 της
217 3262 326 3357 χώρας
350 3261 461 3357 άπάση
486 3262 629 3353 δυνάμει
653 3259 1040 3354 παρακινδυνεύσαντας,

85 3361 275 3458 ῆτειχῆρεις
292 3369 453 3458 μένοντας
471 3361 540 3438 ύπδ
557 3368 656 3455 λιμοῦ
673 3393 709 3435 τε
727 3367 783 3435 καὶ
800 3363 947 3444 στάσεως
967 3366 1043 3432 δια-
