2384 3850
464 110 663 170 -Z-
997 111 1040 175 29

61 283 209 352 καὶτῶν
226 283 481 372 πρεσβυτέρων,
513 276 558 366 ως
577 289 656 364 ἐθος
680 273 722 372 ἦν
740 279 869 374 αύτοῖς,
895 283 1040 410 πρύτωυ

60 379 338 474 ἀποφηναμένων
355 381 414 466 τὰς
433 387 563 456 ἑαυτῶν
583 391 750 473 διανοίας,
777 388 813 457 ἐν
830 383 937 469 οἷς’
897 416 939 458 ον
955 396 1040 458 πολ-

61 491 122 555 λοί
137 512 225 566 τινες
244 475 330 574 ἦσαν
353 493 386 556 oc
408 483 467 568 τάς
484 483 567 557 κατά
582 515 642 557 του
628 486 770 577 δήμου
796 487 930 613 γνιόμας
948 486 1039 559 ἀντι-

12 613 50 662 ων
62 615 151 677 κρυς
168 583 428 711 ἀγορεύσαντες,
455 587 569 678 ἐπειδὴ
587 592 738 678 καθῆκεν
762 596 809 670 είς
792 589 904 672 ςτούς
921 592 1040 662 νεωτέ-

60 718 148 780 ρους
165 719 183 758 ο
172 684 314 778 λόγος,
341 688 559 781 αίτησάμενος
585 694 741 775 ἐξουσίαν
758 689 848 782 παρὰ
865 694 933 762 των
950 689 1040 761 ύπά-
1074 716 1090 765 5
1180 770 1181 773 ς

60 820 135 862 των
153 797 262 863 εἰπεῖν
280 789 342 862 ὅσα
361 791 536 882 βούλεται,
561 796 618 864 καὶ
635 790 746 885 τυχών
765 795 985 917 ἐπισημασίας
1002 821 1040 864 τε

62 890 212 982 μεγάλης
230 897 285 964 καὶ
303 898 484 987 προσοχῆς,
504 893 606 984 λόγον
624 899 779 984 διεξῆλθε
797 893 880 966 κατά
898 924 958 966 του
946 893 1041 984 66-

63 1023 132 1083 μου
135 993 290 1068 τοιόνδε.

143 1097 282 1168 XXll.‘'
277 1111 337 1172 Οτι
360 1098 479 1191 μέν’
440 1130 501 1192 ουχ
517 1097 576 1172 ὑπ’
599 1099 746 1190 ἀνάγκης
769 1129 805 1171 τε
823 1130 879 1172 και
867 1099 1041 1190 ἀπορίας

64 1204 223 1290 βιασθεὶς
245 1195 263 1272 6
283 1205 385 1292 δῆμος
410 1201 588 1322 ἐποιήσατο
614 1202 676 1293 τὴν
699 1199 901 1292 ἀπόστασιν,
927 1193 1041 1274 ἀπα·
1059 1228 1091 1278 10
1180 1196 1181 1199 ¹

64 1305 178 1399 τέρος,
197 1301 282 1376 ἀλλά
299 1331 430 1398 πονηρη
418 1307 559 1376 ἐλπίδι
579 1300 803 1428 ἐπαρθείς,’
779 1333 823 1387 ως
841 1303 1041 1377 καταλύσων

64 1407 129 1498 τὴν
146 1401 439 1503 ἀριστοκρατίαν’
419 1411 515 1496 υμῶν
533 1409 588 1479 καὶ
606 1406 744 1480 πάντων
767 1403 866 1490 αύτδς
885 1407 1041 1534 ἐσόμενος

64 1515 135 1584 τῶν
154 1516 278 1586 κοινῶν
295 1512 421 1605 κύριος,
441 1510 562 1604 σχεδόν
580 1510 736 1604 οἶμαι’
689 1539 815 1596 παντας
832 1500 919 1602 ύμάς
932 1507 1041 1601 6666-

66 1626 153 1686 σθαι
175 1613 216 1685 τά
243 1619 320 1739 περὶ
348 1615 406 1696 τάς
438 1614 618 1704 διαλλαγὰς
643 1614 751 1685 αὐτού
772 1610 1042 1703 πλεονεκτήματα

64 1713 232 1840 ὁρῶντας
261 1747 287 1812 φ
304 1747 343 1808 γε
362 1715 425 1790 υύιι
442 1713 611 1810 ἀπέχρησε
629 1724 867 1840 διαφθείρμντι
884 1711 946 1805 την
959 1717 1041 1807 ’περὶ
1059 1739 1091 1790 15

67 1817 105 1887 τά
129 1787 319 1910 συμβόλαια
342 1828 455 1890 πίστιν
478 1822 535 1890 καὶ
557 1817 637 1902 τούς
661 1822 716 1890 ἐπὶ
739 1816 844 1910 ταύτῃ
868 1821 1042 1908 κειμένους

67 1917 223 2015 ἀνελόντι
240 1919 363 2014 νόμους
380 1919 524 2013 μηθὲν”
503 1932 583 1994 αλλο
597 1933 903 2014 πολυπραγμονεῖν,
921 1916 1043 2046 καιυην
1104 1944 1107 1948 ’

69 2022 106 2146 δε
127 2022 422 2196 καταστησόμενος
440 2021 546 2117 ἀρχὴν
546 2022 625 2095 ἐπὶ
647 2054 693 2120 τρο
679 2027 872 2096 καθελεῖν
894 2022 1043 2113 τὴντῶν

67 2120 218 2217 ύπάτων,
238 2124 331 2216 ίεράν
348 2128 406 2197 καὶ
423 2123 550 2199 ἀσυλον
569 2095 783 2216 ἑποίηδεν’
742 2124 848 2216 αυτὴν
862 2123 966 2249 νόμῳ,
985 2126 1043 2195 καί

68 2232 134 2300 νῦν
158 2226 364 2320 τυραννικὴν
389 2231 551 2312 ἐξουσίαν
567 2226 845 2318 περιβαλόμενος,
872 2218 898 2297 6
921 2223 1041 2315 βουλή,
1059 2249 1092 2298 20

12 2348 61 2403 363
69 2357 113 2399 τω
102 2332 254 2401 νεωστὶ
272 2332 462 2421 κυρωθέντι
479 2328 573 2423 νόμω
591 2328 773 2419 λέληθεν
753 2332 857 2452 υμᾶς.
877 2326 960 2398 ὅταν
977 2328 1042 2416 γὰρ

71 2428 121 2501 ἐπ’
144 2435 294 2515 ἐξουσίας
312 2434 436 2520 πολλῆς
454 2436 489 2502 οί
500 2426 739 2522 προεστηκότες
753 2425 857 2501 αὐτοῦ
871 2426 1044 2520 πρόφασιν

72 2529 221 2625 εύπρεπῆ
240 2532 505 2623 προβαλλόμενοι
521 2529 557 2603 τό
577 2529 620 2622 δὴ
637 2550 706 2615 τοῖς
724 2528 956 2621 ἀδικουμένοις
974 2533 1044 2601 τοῖν

72 2638 226 2725 δημοτων
249 2644 407 2725 βοηθεῖν,
440 2632 496 2704 διά
526 2637 584 2724 τῆς
615 2638 766 2718 ἐξουσίας
791 2632 912 2722 ταύτης
937 2631 1044 2723 ἀγωσι

71 2740 125 2807 καὶ
143 2739 294 2829 φέρωσιν
310 2736 374 2809 ὅσα
397 2730 440 2807 ἀν
458 2734 572 2818 αὐτοῖς
597 2739 699 2827 δοκῇ,
724 2738 780 2806 καὶ
803 2738 923 2826 μηθεὶς
941 2731 959 2805 6
978 2763 1041 2805 κω·
1059 2757 1092 2807 25

73 2836 186 2911 λύσων
202 2838 260 2920 τὰς
278 2846 486 2932 παρανομίας
511 2835 624 2910 αύτοῖν
641 2829 680 2929 6,
705 2836 788 2929 μήτε
808 2836 941 2933 ίδιοότης
959 2834 1042 2926 μήτε

72 2935 184 3031 ἀρχων
209 2939 368 3023 δεδοικώς
393 2938 452 3012 τόν
475 2938 597 3031 νόμον,
628 2935 665 3020 ὃς
688 2938 880 3031 ἀφαιρεῖται
903 2940 959 3007 καὶ
982 2935 1043 3006 τὸν

74 3039 173 3132 λόγον
195 3038 292 3133 ἡμῶν
314 3039 382 3133 ἅμα
404 3059 474 3125 τοῖς
498 3050 607 3132 ἔργοις
624 3039 777 3111 θάνατον
801 3040 962 3119 ἐπιτιθείς
987 3047 1044 3126 ζη-

75 3150 153 3229 μίαν
169 3161 238 3227 τοῖς
256 3147 443 3236 ἐλευθέραν
460 3142 522 3233 την
539 3139 659 3232 φωνην
672 3138 811 3231 ἀφιεῖσι,
829 3148 865 3211 τί
874 3141 1045 3231 προσῆκεν

73 3238 176 3335 ὄνομα
193 3250 319 3318 θέσθαι
336 3249 378 3336 τῇ
397 3251 578 3337 δυναστείᾳ
594 3243 701 3334 ταύτη
717 3240 795 3324 τούς
808 3247 894 3314 νοῦν
908 3249 1044 3332 ἔχοντας
1061 3263 1095 3313 30

75 3346 197 3440 ἕτερον,
212 3343 233 3437 6
247 3346 343 3420 τοῦθ’
360 3346 442 3439 ὅπερ
463 3350 554 3419 ἐστὶν
568 3342 692 3435 ἀληθές
706 3347 762 3416 καὶ
776 3342 897 3427 πάντες
910 3339 954 3416 ἀν
966 3338 1043 3434 ὁμο-

78 3448 258 3542 λογήσαιτε,
272 3456 475 3542 τυραννίδας
495 3456 527 3520 εί
540 3446 570 3517 δ’
588 3446 650 3536 ούχ
662 3443 719 3537 ἀφ’
735 3444 809 3527 ένὸς
822 3442 957 3535 ἀνδρός,
971 3440 1042 3514 ἀλλ’
