2384 3850
1666 28 1672 35 ι
2072 0 2135 39 ¹(

334 105 509 152 xxlv
947 103 1359 152 ADNOTATm
1393 103 1669 150 cmrmA
1872 82 1876 85 ’
1994 113 1998 119 v
2235 67 2253 113 7
2304 124 2332 167 χ

2211 239 2268 290 1(
2309 239 2324 291 3

336 231 498 288 rexit
532 228 808 288 Sintenis
839 228 946 287 1.1.
984 228 1088 287 III
1112 249 1175 307 Ρ.
1211 235 1271 290 17
1313 229 1427 295 115
1460 215 1491 283 ὁ
1526 223 1590 284 έν
1621 227 1837 306 scripsi
1868 223 1931 285 ἐν
1959 227 2099 287 libri
2158 229 2166 303 Ι

337 309 604 390 ἐγκαλῶν
633 314 844 372 maluit
875 312 1143 410 Sylburg
1181 313 1188 388 Ι
1238 321 1307 374 26
1336 306 1473 370 οὔτε
1502 301 1777 370 ἀπίθανα
1807 312 2025 371 addidi
2054 326 2130 370 ex
2161 316 2230 370 A.

508 393 664 470 205,
713 408 744 459 5
775 394 932 454 οἰκία
964 398 1099 456 sine
1128 398 1383 456 articulo
1417 400 1474 455 Β
1512 391 1520 475 Ι
1560 407 1584 457 1
1620 399 1915 471 μεδτεῖναι
1947 400 2073 455 ΑΒ.
2281 390 2297 411 ”

508 494 663 571 206,
713 506 748 559 4
776 517 836 555 τε
865 497 1006 557 libri
1037 493 1177 567 τέως
1208 498 1442 557 Reiske
1496 495 1507 573 Ι
1554 510 1588 561 5
1618 493 1898 575 ἤχθησαν
1927 497 2097 570 libri,
2143 517 2292 556 eor-

341 585 501 644 rexit
541 582 771 643 Reiske
811 584 819 655 Ι
875 591 934 644 19
975 576 1040 638 ἐν
1081 570 1304 655 ἀφανεῖ
1344 582 1417 662 τῇ
1457 576 1599 656 δόξη
1645 585 1716 655 C,
1758 582 2045 662 idemque
2077 582 2287 641 voluit

341 668 690 729 Sintenisl.
721 668 762 728 l
795 667 899 725 III
929 686 990 767 Ρ.
1023 675 1087 730 27
1129 668 1137 743 Ι
1193 665 1328 743 βίον
1370 670 1555 742 ABG,
1589 625 1904 747 probante
1938 667 2285 727 Sintenisio

335 754 494 831 1.1.,
543 772 656 831 ego
689 751 892 809 malim
925 750 988 806 ἐν
1017 743 1246 826 ἀφανεῖ
1268 750 1374 825 τῆς
1405 743 1575 827 δόξης
1616 773 1681 826 φ.
1716 748 1818 809 καὶ
1847 749 2018 825 βίον,
2063 748 2144 821 εἰς
2174 771 2284 808 τα-

337 857 516 896 πεινα
549 829 1010 909 συνεστάλησαν.

513 916 743 994 207,1
789 921 1163 978 καταστεῖλαι
1209 919 1429 980 addidi
1480 941 1556 980 ex
1583 923 1632 979 A
1670 920 1679 997 Ι
1730 930 1764 982 4
1804 916 1913 997 μὲν
1958 917 2176 980 addidi
2206 939 2291 980 ex

345 1007 396 1064 A
433 1006 442 1082 Ι
490 1016 541 1066 11
584 997 951 1062 ἐκλιπόντων
981 1009 1124 1064 ΑΒῠ
1165 1001 1174 1084 Ι
1213 1014 1281 1068 30
1312 1003 1376 1062 οἱ
1400 1005 1545 1064 add.
1579 1009 1652 1062 B.

510 1084 667 1160 208,
719 1091 754 1148 7
787 1104 1015 1158 σκοπας
1044 1093 1191 1148 ΑΒα
1233 1085 1243 1170 Ι
1303 1100 1359 1150 11
1404 1085 1741 1162 παράδοξον
1772 1093 1828 1147 Β
1866 1085 1875 1170 Ι
1929 1097 1995 1151 14
2033 1076 2286 1164 οὗδεμία

341 1164 544 1231 οὗὸενι
579 1165 664 1231 ξ”τ
698 1164 780 1249 ἧν
808 1171 1057 1250 φροντὶς
1089 1175 1350 1233 coniecit
1381 1175 1611 1234 Reiske
1650 1173 1659 1250 Ι
1712 1182 1773 1237 17
1807 1194 1862 1231 τι
1895 1173 2039 1233 add.
2079 1176 2149 1232 Β.

512 1270 745 1348 209,1
783 1264 1076 1350 διανομὴν
1105 1275 1278 1348 libri,
1329 1277 1591 1335 correxit
1621 1275 1854 1334 Reiske
1894 1271 1902 1355 Ι
1956 1285 1987 1337 5
2018 1277 2287 1351 μετεῖναι

341 1362 450 1417 ΑΒ
489 1359 498 1434 Ι
539 1370 605 1421 14
635 1381 706 1416 τα
738 1359 882 1419 add.
916 1363 973 1417 B
1009 1356 1019 1440 Ι
1062 1368 1128 1422 18
1157 1350 1369 1430 κύριον
1399 1363 1507 1417 AB
1543 1355 1552 1435 Ι
1593 1369 1661 1422 26
1692 1379 1751 1417 τε
1782 1359 1925 1418 add.
1959 1363 2022 1417 A.

512 1455 667 1535 210,
715 1469 746 1523 7
781 1455 1267 1558 ἐκπολεμωμένου
1296 1457 1504 1542 B(?)1
1557 1472 1623 1522 10
1663 1457 1780 1518 εἴτε
1824 1456 1917 1518 ἐπὶ
1963 1481 2080 1520 om.
2117 1460 2282 1531 libri,

336 1543 590 1605 'addidit
623 1507 892 1626 Sylburg
929 1542 938 1623 Ι
976 1554 1046 1608 26
1075 1536 1261 1620 ὀρέων
1291 1550 2315 1605 A..

509 1626 780 1704 211,15
811 1629 876 1687 οἵ
899 1630 1046 1690 add.
1081 1635 1138 1689 B
1172 1626 1183 1709 Ι
1231 1640 1293 1692 18
1323 1626 1709 1707 έπιγένωνται
1751 1631 1848 1689 vel
1880 1616 2288 1707 ἆγωνίσανται

341 1715 555 1774 maluit
588 1715 860 1794 Sylburg
891 1711 913 1856 Ι
946 1722 1010 1776 27
1045 1713 1109 1772 οἱ
1133 1713 1278 1774 add.
1312 1718 1382 1774 B.

513 1794 667 1871 212,
715 1812 748 1860 5
777 1819 886 1875 περ
945 1801 1133 1856 σκῦλα
1161 1799 1354 1896 libri,
1383 1801 1650 1858 correxit
1681 1797 1953 1878 Sylburg
1990 1795 2001 1880 Ι
2058 1806 2091 1860 6
2133 1784 2278 1854 ὖπο·

344 1885 556 1960 χωρεῖν
587 1886 638 1941 A
683 1875 694 1966 Ι
746 1890 777 1946 7
819 1879 923 1941 καὶ
967 1876 1082 1961 γὰρ
1131 1880 1234 1941 καὶ
1278 1901 1443 1942 ουτοι
1479 1884 1695 1943 maluit
1736 1883 2002 1964 Sylburg
2040 1884 2049 1963 Ι
2100 1891 2133 1945 9
2161 1868 2286 1941 ὑπὸ

343 1967 451 2026 τοῦ
473 1964 666 2065 Ιὅρους
696 1971 752 2025 Β
791 1972 800 2042 Ι
851 1978 918 2030 26
959 1987 1019 2025 τε
1050 1968 1194 2030 add.
1230 1971 1286 2025 Β
1337 1970 1345 2045 Ι
1396 1977 1461 2031 27
1506 1966 1902 2044 προελθόντες
1929 1971 2072 2026 ABb
2104 1986 2287 2043 προς-

345 2047 622 2124 ελθόντες
654 2056 765 2110 Βα.

517 2133 671 2210 213,
720 2146 753 2199 6
784 2134 838 2193 εἰ
866 2158 983 2197 om.
1016 2140 1138 2211 Ba,
1182 2136 1352 2197 unde
1382 2139 1586 2197 malim
1627 2127 1953 2233 ἀγαπητῶς
1978 2126 2032 2192 δ’
2066 2156 2147 2193 αν
2174 2125 2293 2194 cim·

343 2220 541 2295 ἦλθον
579 2217 590 2304 Ι
636 2233 699 2282 10
729 2222 848 2279 τῶν
879 2219 944 2281 ἐκ
976 2242 1091 2281 om.
1123 2182 1219 2279 ’Ba
1260 2216 1268 2304 Ι
1327 2229 1389 2283 18
1417 2242 1488 2278 τα
1518 2217 1684 2295 πέριξ
1714 2214 2109 2297 σταυρώματα
2140 2240 2290 2281 con·

341 2308 492 2367 iecit
525 2308 812 2419 Sylburg‚
835 2301 844 2387 Ι
884 2315 952 2370 32
981 2303 1142 2364 πλέω
1169 2306 1341 2379 libri,
1393 2305 1560 2385 quod
1599 2308 1854 2369 correxi.

515 2405 747 2482 214,1
781 2398 1214 2512 ἆπεχῶρησανῗ
1270 2401 1279 2487 Ι
1330 2417 1361 2469 5
1399 2404 1460 2463 οἱ
1499 2407 1642 2467 add.
1675 2412 1731 2466 Β
1784 2402 1795 2487 Ι
1846 2395 2010 2476 6τας
2041 2403 2107 2464 ἐκ
2139 2426 2189 2463 τ.
2225 2427 2290 2467 π.

347 2486 673 2569 δυνάμειςῖ
713 2487 724 2573 Ι
773 2502 806 2555 9
837 2484 877 2563 ἢ
907 2489 1007 2550 καὶ
1040 2482 1383 2569 ὁμολογίαις
1409 2496 1519 2550 ΑΒ
1569 2486 1581 2572 Ι
1630 2501 1693 2555 21
1736 2482 1898 2550 ὁδῶν
1926 2480 2183 2564 ἀφανῶν
2215 2493 2291 2549 Ιί-

343 2578 466 2650 bri,
531 2577 792 2636 correxit
836 2577 1111 2637 Sintenis
1155 2577 1272 2635 1.1.
1305 2577 1411 2636 III
1460 2599 1519 2656 p.
1554 2586 1589 2638 8
1644 2572 1651 2658 Ι
1710 2586 1779 2639 26
1810 2571 1937 2633 ἐκεῖ
1968 2575 2110 2636 libri
2154 2572 2295 2647 εἰκῆ

346 2661 578 2721 Reiske
617 2656 627 2740 Ι
667 2670 735 2723 29
765 2648 966 2730 αυτοῖς
994 2662 1166 2734 libri,
1215 2648 1430 2731 αὐτους
1464 2661 1749 2742 Sylburg.

440 2756 675 2834 215,
723 2768 758 2823 4
786 2758 956 2835 βέλος
985 2779 1045 2817 τε
1075 2760 1249 2835 libri,
1296 2757 1467 2837 βέλος
1500 2758 1561 2821 δὲ
1590 2762 1822 2823 Reiske
1888 2756 1899 2839 Ι
1966 2757 2297 2835 πεπιλημέ·

347 2866 471 2905 νων
499 2864 564 2923 γε
593 2846 762 2920 libri,
798 2846 1074 2908 correxit
1092 2845 1323 2906 Reiske
1364 2841 1371 2927 Ι
1412 2858 1442 2907 5
1472 2838 1948 2923 ἆπαρροὶττονται
1968 2849 2059 2904 Bb
2094 2838 2107 2925 Ι
2166 2854 2199 2907 6
2236 2843 2303 2901 οἷ

347 2931 495 2992 add.
542 2934 597 2989 Β
651 2927 666 3011 Ι
744 2939 777 2992 9
817 2932 919 2990 vel
971 2928 1112 2999 τέως
1151 2932 1252 2990 vel
1304 2926 1422 3006 ἤδη
1466 2930 1799 2991 delendum
1853 2950 1989 2991 esse
2045 2931 2297 2989 censuit

346 3015 576 3076 Reiske
615 3014 624 3091 Ι
673 3023 736 3076 21
770 3003 881 3072 οὐκ
911 3006 1082 3072 αὐτοὶ
1111 3015 1281 3089 libri,
1334 3018 1593 3076 correxit
1622 3016 1892 3097 Sylburg
1937 3013 1951 3097 Ι
2001 3024 2069 3075 22
2097 3009 2297 3090 ἥκον-

350 3120 441 3169 τες
486 3100 716 3159 mavolt
760 3099 1034 3159 Sintenis
1094 3101 1135 3158 1.
1181 3100 1381 3159 LIII
1431 3121 1493 3179 Ρ.
1532 3109 1596 3162 18
1660 3096 1669 3180 Ι
1736 3108 1803 3162 25
1845 3096 2303 3178 κεχαρισμένοις

348 3183 599 3245 Reiske.

519 3264 670 3341 216,
719 3277 752 3328 2
806 3260 996 3347 δόγμα
1046 3264 1452 3365 ποιησαμένης
1502 3267 1604 3344 τῆς
1651 3266 1914 3344 βουλῆςῖ
1984 3262 1997 3349 Ι
2068 3278 2100 3329 5
2142 3255 2303 3345 ολην

350 3352 496 3416 add.
527 3348 672 3512 ΒΙ
672 3362 736 3415 14
767 3350 1058 3452 ζωπυρεῖν
1088 3357 1145 3412 Β
1181 3348 1192 3433 Ι
1233 3344 1477 3425 Μανιος
1500 3356 1570 3414 Β.

517 3433 595 3497 21
713 3448 775 3499 12
799 3427 1132 3515 Ἀλβανὸνῖ
1172 3433 1182 3521 Ι
1229 3449 1291 3501 15
1322 3428 1425 3497 τὸν
1456 3439 1598 3499 add.
1630 3439 1983 3518 Stephanus
2022 3430 2033 3517 Ι
2075 3442 2139 3499 17
2166 3436 2299 3512 μεί·
