2384 3850
192 83 255 147 ιοο
579 120 621 129 -
665 85 704 145 Η
742 118 784 127 -
1146 7 1169 69 Ἴ

191 264 261 331 τῶν
278 259 516 348 κρατηθέντων
535 264 607 328 ίδια
625 254 826 342 ἀξιώσουσιν
845 264 943 348 ἔχειν.
973 256 1031 329 έάν
1050 257 1085 328 δέ
1101 284 1147 327 πε-

193 357 379 450 ριεχόμενοι
413 363 483 430 τῶν
517 361 629 450 μηθέν
670 355 785 441 αάτοίς
818 358 1060 451 προσηκόντων
1092 362 1147 429 πᾶν

192 460 307 532 ὁτιοῦν
324 460 466 551 πάσχειν
482 456 676 551 ὑπομένωσι
694 458 918 550 φυλάττοντες
941 460 980 532 τό
999 459 1169 545 αὔθαδες,ιι

49 637 53 646 ,
193 567 342 644 ἐκείνους
372 566 528 634 αίτιᾶσθε
554 568 623 633 τῶν
652 566 935 654 καταληψομένων
959 568 1088 649 κακῶν,
1115 560 1147 632 οὐ

159 665 353 756 οΜάρκιον
375 660 456 735 οόδέ
476 662 710 747 Οὐολούσκους
728 661 810 737 οὐδὲ
833 663 945 737 ἀλλων
968 661 1148 755 ἀνθρώπων

192 765 325 839 οὐδένα.
371 769 436 837 σοῦ
454 768 509 855 δέ,
534 756 700 858 ἀμήτερ,
732 769 769 837 ἐν
785 770 879 858 μέρει
902 766 1006 838 πόλιν
1024 763 1094 847 υίδς
1110 759 1148 833 ἀν

91 884 96 890 “
194 868 258 958 ἐγω
277 872 393 959 δέομαι
417 866 463 958 μὴ
480 877 690 958 παρακαλεῖν
713 876 760 950 εκ
778 864 936 951 ἀνοσίους
954 868 1089 959 πράξεις
1104 867 1147 936 καὶ

192 967 342 1058 ἀδίκους,
360 970 446 1059 μηδὲ
462 969 545 1060 μετὰ
561 973 630 1041 των
650 964 815 1060 ἐχθίστων
829 973 905 1060 ἐμοί
918 1000 954 1041 τε
968 973 1026 1041 καλ
1040 972 1148 1056 σεαυτη

192 1074 396 1160 τεταγμένην
409 1078 586 1161 πολεμίους
601 1066 759 1160 ἡγεῖσθαι
772 1069 850 1153 τούς
863 1070 1146 1161 ἀναγκαιοτάτους·

35 1206 38 1210 ’
135 1197 176 1245 ·10
194 1168 278 1241 ἀλλά
303 1168 384 1262 παρ’
412 1173 484 1261 ἐμοὶ
507 1176 694 1263 γενομένην
718 1171 829 1261 ὥσπέρ
855 1177 924 1245 ἐστι
949 1179 1081 1245 δίκαιον
1097 1198 1148 1241 πα-

192 1278 291 1365 τρίδα
313 1300 350 1343 τε
373 1277 488 1363 νέμειν
509 1270 553 1364 ἣν
577 1273 642 1363 ἐγὼ
660 1277 750 1365 νέμω
767 1278 824 1346 καί
841 1276 936 1348 ολκον
957 1272 999 1346 δν
1025 1272 1088 1365 ἐγω
1105 1276 1148 1342 κέ-

193 1404 330 1465 κτημαι,
360 1373 456 1465 τιμάς
484 1402 521 1445 τε
545 1380 759 1467 καρποῦσθαι
781 1374 840 1458 τὰς
860 1376 956 1467 έμάς,
987 1380 1047 1448 καί
1066 1374 1147 1461 δόξης

35 1547 37 1550 ,
193 1474 380 1548 ἀπολαύειν
402 1480 460 1566 τῆς
479 1480 570 1568 έμης,
595 1475 674 1560 τούς
692 1477 813 1560 αὐτοὺς
837 1473 1031 1569 ἡγουμένην
1044 1486 1147 1569 φίλους

43 1583 46 1591 ’
122 1619 125 1625 ’
193 1608 228 1650 τε
249 1580 316 1670 [καὶ
334 1579 523 1669 συγγενεῖς]
543 1580 599 1649 καὶ
618 1587 804 1703 πολεμίους
820 1577 949 1672 ουσπερ
968 1579 1050 1670 ἐγώ
1077 1577 1146 1648 ἀπο-

31 1675 51 1723 ³*
144 1705 175 1755 15
193 1683 320 1752 θέσθαι
337 1711 373 1752 τε
390 1677 456 1770 ἤδη
474 1709 511 1751 το
498 1676 705 1770 πένθος,“
686 1710 704 1751 ο
723 1679 831 1751 διδι
796 1709 854 1763 τας
873 1680 952 1772 έμάς
964 1680 1144 1773 υπέμεινας,

193 1811 220 1875 ω
206 1772 444 1871 ταλαίπωρε,
464 1779 593 1872 φυγάς,
619 1785 675 1853 καί
694 1774 890 1855 παύσασθαι
907 1784 1145 1907 τιμωρουμένην
1168 1818 1169 1902 ρ

192 1914 282 1978 με
250 1912 297 1954 τω
316 1882 457 1974 σχήματι
474 1881 590 1979 τούτῳ.
628 1883 756 1976 ἐμοὶ
716 1913 780 1974 γαρ
797 1914 838 1956 τα
826 1882 956 1977 μέν”
934 1896 1038 1977 αλλα,
1058 1876 1082 1957 ό
1097 1883 1144 1973 μή·

192 2014 266 2073 τερ,
302 1982 416 2073 ἀγαθοὶ
444 1994 618 2076 κρείττονα
643 1991 789 2058 ἐλπίδων
817 1990 874 2058 καὶ
902 2017 942 2077 με
945 1942 1039 2074 ίζονά
1062 1983 1168 2074 εόχῆέῙλ

192 2087 283 2207 παρὰ
300 2091 396 2157 θεων
412 2090 521 2158 τεκαὶ
539 2084 733 2180 ἀνθρώπων
756 2085 957 2180 ἀπήντηται
985 2120 1007 2181 η
996 2085 1065 2161 ’δέ
1081 2085 1142 2174 περὶ

33 2238 34 2241 ’
141 2215 175 2263 20
193 2212 255 2258 σου
273 2179 476 2279 φροντίς,
453 2187 548 2281 atde
565 2189 794 2281 γηροβοσκοδς
813 2189 876 2262 οὐκ
893 2187 1106 2264 ἀπέδωκα’
1069 2217 1142 2281 χαρι-

192 2320 261 2381 τας,
290 2293 484 2416 ἐντετηκυῖα
511 2309 581 2373 τοις
605 2291 806 2382 σπλάγχνοις
830 2291 951 2384 πικρόν
976 2298 1080 2365 ἐποίει
1100 2289 1141 2360 καὶ
1166 2277 1167 2363 λ

191 2390 357 2481 ἀνόνητον
373 2391 533 2464 ἁπάντων
549 2422 618 2465 των
634 2390 777 2482 ἀγαθων
793 2393 853 2465 τδν
870 2402 909 2484 βί
907 2425 956 2466 ον.
991 2403 1021 2467 εί
1039 2397 1075 2465 δε
1091 2389 1142 2461 σόν

193 2497 265 2585 ἐμοὶ
281 2492 389 2577 τάξεις
406 2492 553 2584 σεαυτην
575 2498 631 2566 καλ
649 2524 717 2568 των
736 2499 825 2586 ἐμοῦν
848 2513 1026 2568 κοινωνεῖν
1045 2487 1141 2577 έθελη

29 2584 52 2617 '⁸
192 2619 261 2677 σεις
278 2593 449 2685 ἁπάντων,
467 2594 612 2680 οὐθενός
630 2605 677 2668 ἔτι
695 2626 751 2688 μοι
770 2597 884 2755 δεήσει
900 2603 970 2670 τῶν
987 2597 1141 2689 ἀνθρωπί-

33 2704 39 2766 ss
141 2720 175 2769 25
193 2725 264 2767 νων
280 2695 429 2784 ἀγαθῶν.

48 2801 54 2814 “’
268 2797 487 2867 XXXXVIII.
523 2803 749 2891 Παυσαμένου
781 2743 810 2870 δ’
845 2829 966 2890 αυτου,
996 2787 1141 2892 μικρδνὴ

39 2973 51 2995 ζ
195 2895 384 2991 Οάετουρία
406 2903 588 2991 ἐπισχουσα
612 2900 750 2993 χρόνον,
776 2905 839 2985 ἕως
861 2901 879 2973 ὁ
902 2931 970 2974 των
988 2921 1140 2993 περιεστη

57 3037 70 3104 3⁸
146 3000 299 3074 κότων
321 3010 457 3085 ἔπαινος
476 3001 642 3074 ἐπαύσατο
665 3002 771 3086 πολός
792 3031 829 3074 τε
846 3006 902 3075 καί
920 3007 1016 3097 μέχρι
1033 3011 1139 3076 πολλου

58 3151 72 3205 3-
191 3101 383 3193 γενόμενος,
419 3108 508 3194 λέγει
536 3102 619 3196 πρός
649 3103 766 3175 αυτόν
795 3103 885 3177 Ἀλλ’
912 3110 1021 3195 ἔγωγέ
1040 3127 1090 3191 σε,
1119 3125 1138 3168 ⁰²

141 3228 175 3276 30
194 3201 328 3291 Μάρκιε
341 3204 530 3294 τέκνον,”
489 3234 566 3277 ουτε
579 3209 750 3298 προδότην
761 3205 1137 3296 Οὐολούσκωνγενέσθιι

51 3324 57 3332 ’
93 3318 97 3324 ’
192 3299 288 3392 ἀξιω,
319 3309 353 3373 οἳ
374 3327 413 3376 σε
436 3304 606 3395 φεύγοντα
628 3305 872 3398 υποδεξάμενοι
893 3326 962 3392 τοϊς
985 3336 1023 3379 τε
1045 3305 1137 3381 αλλοις

43 3478 71 3510 ,
193 3407 352 3493 ἐτίμησαν
392 3408 447 3475 καί
475 3405 538 3496 την
567 3410 698 3478 ἑαυτῶν
725 3408 908 3500 ἡγεμονίαν
939 3415 1136 3490 ἐπίστευσαν,

1143 3517 1161 3814 λ
