2384 3850
433 72 695 183 ..ςιγ..ἱ

52 274 115 315 των
138 248 195 334 τῆς
223 247 400 326 ἐπιεικείας
423 242 502 325 τούς
525 247 814 335 προνοησομένους
837 248 899 317 τού
921 251 1018 337 κοινῇ

52 349 276 435 συμφέροντος
305 341 476 434 ὀνομάζων
510 343 606 434 ἠξίου
634 361 744 417 ποιεῖν
773 342 931 431 ύπάτους,
982 356 1019 418 αλ

51 476 85 516 τε
112 445 213 537 ἀρχαὶ
242 444 475 536 διειστήκεσαν
510 449 567 517 καί
593 446 653 529 τάς
690 444 844 537 ἀλλήλων
873 447 1016 521 ἀνέλυον

52 553 210 632 ἐξουσίας.
246 545 345 619 ὁπότε
367 549 430 638 μὲν
445 547 511 641 γάρ
527 552 563 619 οί
577 547 699 638 ὕπατοι
716 558 851 621 καλοῖεν
874 550 911 620 τὸ
934 555 1016 639 πλη-

50 663 110 734 θος
146 646 190 731 ως
225 646 457 734 ἀποδείξοντες
496 648 573 732 τούς
607 649 779 741 μετιόντας
813 650 875 740 τὴν
910 647 1050 741 ἀρχηνσ

50 747 215 841 ὑπάτους,
251 756 286 822 οί
310 748 472 842 δήμαρχοι
506 756 567 823 τοῦ
602 750 748 825 κωλύειν
777 750 871 836 όντες
906 751 1016 841 κύριοι

52 854 184 947 διέλυον
207 852 249 922 τά
266 851 477 944 ἀρχαιρέσια·
520 850 621 925 ὁπότε
644 850 677 924 δ’
703 845 746 925 αὖ
770 852 871 926 πάλιν
895 858 1015 925 ἐκεῖνοι

49 964 184 1026 καλοῖεν
201 949 246 1037 άς
262 953 561 1045 ἀρχαιρεσιάσοντα
577 952 637 1026 τόν
656 960 780 1045 δῆμον,
802 952 864 1027 ούκ
882 959 1017 1045 ἐπέτρε-

15 1072 112 1127 mov
129 1062 165 1127 οί
178 1053 315 1146 ύπατοι,
339 1054 402 1146 τὴν
419 1059 574 1140 ἐξουσίαν
597 1064 728 1148 ἔχοντες
750 1061 811 1128 τοῦ
835 1066 1017 1148 συγκαλεῖν

49 1156 124 1240 τούς
155 1154 274 1247 λόχους
303 1160 360 1227 καὶ
389 1155 448 1241 τάς
477 1156 611 1248 ψήφους
634 1155 842 1231 ἀναδιδόναι.
878 1187 1016 1248 κατηγο·
1036 1181 1067 1229 10

49 1269 118 1350 ρίαι
141 1286 178 1331 τε
204 1257 361 1347 ἀλλήλων
391 1264 547 1349 ἐγίνοντο.
564 1264 620 1331 καὶ
655 1277 806 1351 συνεχεῖς
841 1256 1016 1351 ἁψιμαχίαι

49 1360 128 1432 καθ’
157 1364 304 1451 ἑταιρίας
330 1363 600 1452 συνισταμένων,
628 1358 787 1433 ὥστεκαὶ
805 1359 933 1451 πληγάς
956 1360 1017 1433 άλ-

49 1462 161 1552 λήλοις
196 1460 329 1534 διδόναι
363 1460 456 1549 τινάς
481 1458 541 1533 ὑπ’
566 1460 684 1553 ὀργῆς,
719 1466 775 1533 καὶ
809 1461 850 1533 οὐ
885 1462 1017 1552 μακράν

49 1560 211 1655 ἀποσχεῖν
231 1563 294 1653 τὴν
317 1562 434 1635 στάσιν
459 1567 528 1636 τοῖν
553 1560 676 1635 όπλων.
729 1568 833 1635 ταῦτα
858 1566 1016 1653 μαθοῦσα

49 1661 196 1755 ἦβουλη
221 1663 329 1737 πολύν
353 1663 485 1737 ἐσκόπει
509 1663 648 1758 χρόνον,
673 1662 692 1735 ό
714 1694 746 1737 τι
769 1662 924 1755 χρήσεται
948 1681 1016 1749 τοῖς
1036 1685 1067 1733 15

48 1767 251 1857 πράγμασιν,
283 1764 361 1838 ούτε
394 1766 579 1855 βιάσασθαι
614 1768 785 1857 δυναμένη
816 1764 874 1838 τὸν
909 1768 1017 1855 δῆμον

49 1867 125 1942 οὔτε
150 1868 233 1953 εἶξαι
257 1870 453 1959 βουλομένη.
506 1859 550 1958 ἦν
580 1870 618 1940 δὲ
644 1866 665 1958 ἡ
695 1870 757 1959 μὲν
784 1866 1016 1958 αὐθαδεστέρα

48 1969 184 2096 γνώμη
196 1969 373 2062 δικτάτορα
404 1973 541 2043 ἑλέσθαι
569 1975 638 2044 τῶν
659 1968 882 2096 ἀρχαιρεσιύγ
906 1974 1015 2093 ένεκμ,

48 2070 88 2143 δν
104 2070 150 2144 ἂν
165 2070 312 2162 ηγῶνται
330 2070 505 2164 κράτιστον
523 2073 628 2144 εἶναι
660 2071 719 2144 τόν
737 2075 774 2144 δέ
792 2070 938 2160 λαβόντα
955 2071 1018 2162 τὴν

50 2178 206 2258 ἐξουσίαν
223 2172 301 2256 τούς
324 2203 360 2246 τε
382 2172 580 2276 νοσοποιούς
604 2179 697 2246 ἐκ
657 2204 715 2264 της
733 2172 860 2256 πόλεως
881 2177 1016 2262 ἐξελεῖν,
1035 2193 1067 2242 20

50 2278 103 2346 καλ
137 2285 171 2346 ελ
194 2305 227 2346 τι
248 2274 433 2368 ἡμάρτηται
457 2294 529 2358 ταῖς
552 2273 716 2396 πρότερον
738 2273 855 2364 ἀρχαῖς
878 2279 1017 2361 ἐπανορ·

49 2375 245 2467 θεάσασθαι,
272 2375 331 2448 τόν
348 2406 384 2449 τε
401 2375 527 2468 κόσμον
543 2406 604 2450 τον
588 2373 858 2464 πολιτεύματος
875 2371 918 2445 δν
936 2375 1018 2463 βού-

48 2489 144 2550 λεται
160 2477 453 2569 καταστησάμενον
476 2475 619 2571 ἀνδράσι
636 2494 704 2561 τοῖς
728 2471 956 2569 κρατίστοις’
937 2503 1016 2547 απο-

50 2586 172 2651 δοῦναι
181 2579 238 2663 τάς
248 2577 359 2671 ἀρχάς.
379 2576 400 2670 ἡ
419 2583 456 2652 δὲ
471 2581 694 2673 ἐπιεικεστέρα
702 2586 932 2670 μεσοβασιλεῖς
950 2579 1018 2649 ἑλέ-

49 2695 134 2754 σθαι
151 2679 228 2766 τούς
250 2680 500 2770 πρεσβυτάτους
517 2711 553 2754 τε
571 2684 627 2753 καὶ
645 2679 860 2772 τιμιωτάτους
878 2677 1015 2773 ἀνδρας,
1035 2705 1068 2754 25

49 2779 100 2866 οἷς
119 2784 272 2874 έπιμελές
290 2791 382 2855 ἔσται
400 2780 439 2855 τά
456 2788 534 2876 περὶ
551 2781 609 2866 τάς
627 2780 729 2875 ἀρχάς
746 2781 836 2866 όπως
848 2779 1019 2874 κράτισται

49 2882 250 2974 γενήσονται
276 2891 526 3008 προνοηθηναι,
560 2884 620 2956 τόν
643 2883 891 2973 αὐτὸντρόπον
915 2880 1018 2969 όνπερ

8 3000 41 3050 33
51 2988 171 3056 ἐ”πὶ
124 3015 192 3058 των
214 2989 382 3074 βασιλέων
403 3016 471 3108 των
490 2985 693 3058 ἐκλιπόντων
711 2990 869 3074 ἐγίνοντο.
911 3005 1018 3074 ταυτη

50 3090 353 3212 προσθεμένων
311 3117 352 3179 τη
377 3087 493 3180 γνάμη
517 3093 585 3159 τῶν
608 3085 790 3175 πλειόνων,
816 3081 1019 3158 ἀποδείκνυ-

50 3219 105 3259 ται
129 3187 211 3280 πρός
235 3186 347 3261 αύτωυ
376 3189 620 3281 μεσοβασιλεύς
655 3177 766 3270 Αύλος
784 3186 1019 3360 Σεμπροόγιος
1038 3219 1069 3266 30
1176 3193 1177 3214 ³

49 3286 253 3392 Ἀτρατῖνος·
290 3296 329 3362 αί
344 3294 380 3362 δέ
398 3288 495 3362 άλλαι
512 3288 750 3380 κατελύθησαν
773 3285 881 3382 ἀρχαί.
923 3280 1019 3370 οὗτος

54 3385 349 3480 ἐπιτροπεύσας
314 3423 376 3483 την
392 3389 492 3464 πόλιν
509 3390 767 3464 άστασίαστον”
749 3414 829 3472 οσας
848 3392 924 3478 ἐξην
941 3384 1018 3478 ημέ-
