2384 3850
128 0 333 38 χ-ἼΨ
929 0 933 2 -
953 0 958 5 -
1632 0 1636 1 ’
1847 26 1855 28 A
1874 0 1910 15 w.
1934 0 2193 41 '‘unw-

356 123 537 188 1481
1120 126 1652 185 —H—·

360 297 448 371 δι’
502 301 765 370 οἰωνοῖν
810 294 852 387 ἢ
898 320 1217 389 χρησμων
1251 303 1680 386 Σιβυλλείων
1727 293 1769 387 ἦ
1816 325 1996 380 τινος
2039 292 2354 375 ovvsca915÷

359 408 687 492 πατρίου,
732 430 830 471 ων
864 396 987 471 οὐκ
1024 396 1262 490 ἠξίουν
1311 407 1382 472 οἰ
1410 396 1560 471 τότε
1595 395 1950 488 ανθρωποι
1987 394 2280 486 καθάπερ

356 511 429 575 οἰ
470 508 605 574 νῦν
650 500 1026 592 υπεροράν·
1094 499 1460 592 φυλάττειν
1520 501 1596 572 δὲ
1653 498 1778 590 τὴν
1825 499 2026 571 πόλιν
2073 503 2284 588 ἐπιμε-

359 608 638 697 λεστέρᾳ
674 607 949 695 φυλακῇ
995 607 1107 674 καὶ
1154 600 1285 674 ἀπὸ
1320 631 1460 674 των
1495 599 1848 692 ἐρυμάτων
1882 600 2040 684 τοὺς
2076 599 2284 673 ἐπιόν-

221 750 224 754 ·
290 730 322 779 5
356 737 475 791 τας
509 704 896 796 ἀμύνεσθαι
935 708 1330 795 διέγνωσαν.

512 807 883 878 XXXVIII.
933 812 1155 877 Ταῦτα
1194 806 1270 877 δὲ
1306 804 1705 894 πράττοντες
1741 807 1854 877 καὶ
1883 825 2284 900 παρασκευα-

361 910 623 1002 ζόμενοι
670 915 788 1000 τῆς
834 939 907 981 τε
960 913 1229 991 ἐλπίδος
1275 905 1465 978 οὔπω
1513 905 1997 998 ἀφιστάμενοι,
2047 903 2139 988 ὣς
2187 912 2283 974 δυ-

290 1048 296 1053 ·
361 1012 567 1084 νατὸν
610 1010 916 1101 ὑπάρχον
962 1018 1058 1081 ἔτι
1105 1013 1642 1100 μεταπεισθῆναι
1687 1007 1807 1081 τᾶν
1841 1008 2194 1101 Μάρκιον,
2240 1011 2287 1074 εἰ

361 1122 610 1206 μείζονι
646 1115 758 1183 καὶ
791 1112 1145 1205 τιμιωτέρᾳ
1178 1119 1502 1205 πρεσβεία
1542 1118 1856 1201 δεηθεῖεν
1890 1108 2125 1198 αὐτοῦ,
2175 1124 2285 1195 ψη-

263 1235 328 1285 10
365 1224 670 1306 φίζονται
703 1212 862 1298 τούς
898 1243 970 1285 τε
1008 1212 1407 1304 ἱεροφάντας
1457 1217 1569 1284 καὶ
1619 1243 1774 1307 τους
1810 1209 2287 1290 οἰωνοσκόπους

363 1320 477 1388 καὶ
522 1315 681 1399 τοὺς
729 1314 973 1399 αλλους
1018 1343 1354 1406 απαντας,
1403 1314 1547 1386 οσοι
1594 1313 1793 1405 τιμήν
1837 1343 1991 1386 τινα
2044 1312 2225 1403 ἱερὰν
2254 1304 2285 1396 ἢ
2352 1386 2353 1392 1

365 1425 793 1511 λειτουργίαν
839 1419 991 1510 περὶ
1037 1415 1118 1487 τὰ
1153 1430 1316 1489 θεῖα
1354 1420 1686 1506 δημοτελῆ
1730 1413 2053 1505 λαβόντες
2092 1416 2283 1505 εἶχον
2352 1427 2353 1431 ’

367 1524 499 1593 εἰσὶ
557 1522 635 1591 δὲ
692 1516 856 1609 παρ’
920 1515 1148 1601 αὐτοῖς
1213 1524 1415 1606 ἱερεῖς
1474 1521 1589 1589 καὶ
1647 1522 2067 1608 θεραπευταὶ
2124 1518 2287 1589 θεῶν

364 1622 549 1694 πάνυ
584 1624 819 1694 πολλοὶ
854 1625 967 1692 καὶ
1005 1619 1194 1699 αὐτοὶ
1233 1612 1416 1692 οὗτοι
1466 1623 1983 1709 διαφανέστατοι
2017 1649 2156 1692 των
2187 1615 2286 1687 ἀλ-

267 1743 331 1793 15
368 1734 507 1797 λων
567 1723 735 1794 κατά
795 1751 867 1793 τε
927 1735 1153 1804 οἴκους
1215 1725 1524 1812 πατέρων
1585 1724 1698 1792 καὶ
1757 1720 1996 1812 ἀρετῆς
2061 1727 2286 1798 οἰκείας

366 1823 675 1910 ἀξίωσιν
746 1831 1016 1914 ἔχοντας
1062 1820 1173 1914 αμ’
1230 1820 1457 1905 αὐτοῖς
1507 1852 1645 1894 των
1695 1820 2185 1914 ὀργιαζομένων
2224 1845 2284 1889 τε
2299 1835 2341 1884 1ο

368 1931 480 1999 καὶ
516 1930 1090 2016 θεραπευομένων
1123 1931 1312 1997 θεῶν
1357 1925 1438 1997 τὰ
1474 1924 1781 2017 σύμβολα
1826 1930 1940 1997 καὶ
1974 1924 2093 2008 τὰς
2130 1918 2286 2013 ἱερὰς
2350 1980 2351 1993 ,

368 2027 871 2118 ἀμπεχομένους
910 2030 1228 2116 ἐσθῆτας,
1267 2023 1562 2117 ἀθρόους
1601 2031 1710 2099 ἐπὶ
1743 2028 1862 2100 τὸν
1887 2027 2149 2118 χάρακα
2172 2029 2284 2094 τῶν
2350 2034 2351 2040 ’

367 2126 711 2219 πολεμίων
779 2127 1189 2252 πορεύεσθαι
1260 2158 1416 2211 τους
1486 2126 1731 2212 αὐτους
1783 2132 2114 2222 φέροντας
2170 2141 2285 2204 τοῖς

266 2250 335 2298 20
370 2233 714 2324 προτέροις
764 2231 1024 2321 λόγους.
1118 2258 1208 2312 ως
1272 2232 1346 2301 δὲ
1399 2227 1720 2320 ἀφίκοντο
1781 2237 1850 2302 οἱ
1902 2229 2146 2322 ανδρες
2194 2255 2283 2298 και

370 2331 677 2418 ἔλεξαν“
639 2357 766 2406 οσα
799 2328 840 2424 ἡ
875 2331 1083 2424 βουλὴ
1118 2327 1348 2414 αὐτοῖς
1385 2335 1813 2424 ἐπέστελλεν,
1851 2329 2015 2404 οὐδὲ
2050 2330 2282 2407 τούτοις

370 2445 623 2509 ἔδωκεν
658 2433 693 2506 ὁ
732 2434 1040 2525 Μάρκιος
1076 2431 1436 2526 ἀπόκρισιν
1479 2436 1652 2525 υπερ
1700 2465 1797 2506 ων
1831 2431 2104 2523 ἠξίουν,
2153 2423 2280 2502 ἀλλ’

368 2533 412 2627 ἢ
456 2536 537 2609 τὰ
584 2536 989 2626 κελευόμενα
1036 2554 1259 2608 ποιεῖν
1305 2536 1800 2624 συνεβούλευεν
1845 2535 2193 2621 ἀπιόντας,
2236 2535 2285 2600 εἰ

370 2641 695 2710 θέλουσιν
743 2636 1022 2730 εἰρήνην
1057 2635 1283 2727 ἄγειν,
1333 2631 1375 2727 ἢ
1411 2640 1908 2728 προσδέχεσθαι
1954 2637 2076 2708 τὸν
2109 2634 2281 2708 πόλε-
2348 2671 2349 2674 “

268 2756 335 2806 25
370 2768 499 2830 μον
545 2737 787 2828 ἥξοντα
833 2738 999 2831 πρὸς
1043 2739 1168 2828 τὴν
1218 2737 1450 2830 πόλιν,
1507 2744 1619 2810 καὶ
1662 2739 1736 2811 τὸ
1784 2737 2020 2811 λοιπὸν
2067 2735 2281 2810 ἀπεῖπε

370 2838 461 2932 μὴ
498 2843 931 2930 διαλέγεσθαι
967 2839 1133 2930 πρός
1168 2838 1393 2913 αὐτόν.
1478 2837 1566 2925 ὥς
1606 2842 1681 2911 δὲ
1715 2845 1827 2912 καὶ
1862 2839 2108 2932 ταύτης
2142 2838 2279 2910 ἀπέ-

369 2973 576 3035 τυχον
610 2948 726 3033 τῆς
761 2950 998 3035 πείρας
1032 2948 1105 3012 οἰ
1124 2936 1452 3032 Ῥωμαῖοι,
1491 2947 1716 3013 πᾶσαν
1754 2948 1996 3014 ἐλπίδα
2031 2949 2281 3014 διαλλα-

372 3051 494 3136 γῆς
528 3043 956 3134 ἀπογνόντες,
995 3039 1088 3124 ὥς
1115 3043 1709 3136 πολιορκησόμενοι
1735 3043 2279 3131 παρεσκευάζοντο

372 3176 529 3227 τους
563 3145 755 3236 μὲν’
722 3145 1204 3235 ακμαιοτάτους
1242 3149 1351 3216 ἐπὶ
1398 3151 1478 3237 τῇ
1525 3143 1761 3241 τάφρω
1801 3148 1913 3216 καὶ
1948 3172 2128 3236 παρα
2160 3156 2280 3218 ταῖς

272 3266 339 3315 30
374 3244 616 3328 πύλαις
652 3246 998 3338 τάξαντες,
1048 3247 1206 3329 τοὺς
1246 3246 1388 3316 δὲ’
1354 3250 1758 3337 αφειμένους
1793 3244 1924 3339 ἤδη
1961 3251 2278 3339 στρατείας
2346 3313 2347 3316 ,

375 3344 473 3425 οἷς
525 3357 622 3417 ἑτι
678 3347 758 3419 τὰ
807 3373 1077 3439 σωματα
1142 3346 1341 3418 ἰκανά
1392 3340 1478 3436 ἦν
1526 3362 1947 3422 κακοπαθεῖν
2009 3353 2119 3421 ἐπὶ
2166 3358 2278 3421 τοις
2294 3345 2348 3411 15}

373 3458 679 3538 ‘taxema
