2384 3850
465 122 665 181 —-Z—-
1001 119 1041 183 31

48 299 145 363 σίαν
164 288 320 383 ήτήσατο.
362 298 479 386 χρῆται
498 294 536 365 δὲ
549 291 635 386 αὐτῇ
658 290 769 365 οὐκέτι
788 300 836 375 είς
853 288 876 364 δι’
894 299 947 365 δεῖ
963 291 1039 366 οὐδ’

49 391 115 484 ἐφ’
141 391 195 476 οἷς
215 393 348 487 εὕρετο,
372 393 448 467 ἀλλ’
469 397 524 466 ἐπὶ
542 400 715 488 διαφθορᾷ
732 399 790 466 καὶ
806 395 967 485 συγχύσει
984 401 1043 486 τής

49 504 212 587 πατρίου
230 504 407 580 πολιτείας.
443 498 618 588 μέμνησθε
631 495 699 590 γὰρ
718 495 828 588 δήπου
844 497 905 587 τήν
922 501 1043 570 νεωστὶ

49 600 252 688 γενομένην
262 602 451 689 ’ἐκκλησίαν
473 602 530 670 καὶ
552 600 630 681 τοὺς
652 595 720 670 ὑπὸ
736 603 806 669 τῶν
831 603 1041 689 δημαγωγῶν
1179 656 1180 693 3

54 703 237 790 ῥηθέντας
259 704 296 771 ἐν
319 697 405 794 αὐτῇ
430 700 550 792 λόγους
580 700 665 791 ὅσην
690 704 901 784 ἐπεδείξαντο
931 697 1040 772 αόθά·
1077 723 1096 773 6
1179 748 1180 795 3

55 799 165 872 δειάν
181 830 218 872 τε
235 804 292 872 καὶ
310 799 488 894 ἀκοσμίαν,
507 805 563 874 καὶ
580 807 647 874 νῦν
665 800 718 893 ἐφ’
740 809 815 873 οἴου
833 804 923 873 είσλν
939 799 1042 892 αόχή·

54 932 168 992 ματος
192 932 225 973 οι
218 905 356 994 ’μηδὲν
379 901 472 995 ὑγιὲς
497 910 721 1028 φρονοῦντες,
748 901 863 992 ἐπειδὴ
888 912 1043 993 ἔγνωσαν

58 1033 110 1086 ως
135 1009 239 1076 ἐν
199 1035 239 1097 τη
264 1005 407 1129 φήφφέ
391 1004 525 1079 δ”στλν
502 1033 594 1078 απαν
616 1004 654 1078 τό
676 1011 735 1097 τῆς
757 1003 885 1086 πόλεως
909 1003 1040 1128 κρότος,

12 1133 47 1182 εο
59 1096 103 1196 ἧς
122 1103 222 1178 αὐτοὶ
241 1107 444 1199 κρατήσουσι
462 1104 635 1191 πλείονς’
616 1113 713 1199 ημῶν
725 1106 827 1190 ὄντες.
855 1114 891 1178 τί
904 1098 968 1179 οὖν
984 1135 1042 1178 κα·

56 1215 258 1280 ταλείπεται
275 1227 387 1282 ποιεῖν
403 1206 485 1301 ήμῖν
502 1207 675 1302 ἀρξόντων
693 1213 833 1282 ἐκείνων
848 1233 1041 1299 παρασπον-
1061 1231 1094 1280 10

60 1317 143 1381 δεῖν
174 1314 230 1381 καλ
261 1330 486 1403 παρανομεῖν,
524 1321 556 1384 εί
588 1313 635 1404 μὴ
670 1310 707 1384 τό
737 1307 929 1402 ἀμύνεσθαι
963 1309 1053 1391 τούς·
1180 1302 1181 1315 ’

61 1408 250 1502 ἄρξαντας,
286 1416 341 1484 καὶ
369 1409 392 1484 6
418 1418 500 1496 τέως
535 1413 662 1497 ἀδίκως
693 1421 828 1503 ἔχουσιν
853 1408 1043 1500 ἀφελέσθαι

64 1512 134 1584 σὺν
153 1520 249 1605 δίκη,
281 1518 337 1586 καὶ
362 1523 409 1600 είς
427 1513 463 1587 τό
488 1517 607 1587 λοιπὸν
623 1519 751 1586 παῦσαι
768 1511 935 1585 πλειόνων
953 1515 1042 1601 ἐφιε-

62 1617 206 1706 μένους·
239 1615 340 1740 γάριν
362 1615 494 1700 εἰδότας
518 1634 587 1700 τοῖς
609 1630 722 1706 θεοῖς,
757 1612 809 1686 ὅτι
834 1612 899 1684 οὐκ
923 1622 1043 1684 εἴασαν

64 1713 192 1799 αὐτοὺς
209 1714 250 1788 τδι
267 1724 383 1811 πρῶτα
401 1717 710 1809 πλεονεκτήσαντας
733 1724 781 1800 είς
797 1712 838 1787 τά
856 1711 956 1785 λοιποὶ
974 1735 1042 1785 σω-
1060 1737 1096 1787 ιο

63 1835 221 1910 φρονεῖν,
240 1816 325 1891 ἀλλὰ
343 1819 469 1912 ταύτην
488 1816 703 1948 ἐνέβαλον’
661 1837 775 1902 αυτοῖς
787 1846 850 1908 την
858 1813 1042 1907 αναισχυν

63 1928 146 1993 τίαν
164 1949 203 1992 τε
227 1925 283 1993 καὶ
306 1921 656 2016 πολυπραγμοσύνην,
686 1917 748 2011 ἀφ’
770 1911 809 2012 ής
826 1914 922 2010 ὑμεῖς
940 1914 1041 2008 ἀναγ-

64 2026 250 2106 κασθὲντες
268 2054 308 2095 τα
325 2055 344 2097 τ
348 2022 571 2097 ’ἀπολωλότα
589 2029 755 2115 πειρᾶσθε
771 2023 968 2111 ἀναλαβεῖν,
985 2022 1042 2091 καὶ

65 2122 109 2197 τίι
126 2124 225 2195 λοιπά
245 2116 335 2196 δι’
312 2156 353 2215 ης
371 2130 519 2218 προσήκε
536 2131 690 2253 φυλακης
708 2135 835 2216 λαβεῖν

146 2226 275 2296 XXllll.
311 2229 438 2321 Καιρδς
468 2225 550 2300 δὲ’
535 2228 696 2320 οπαροδν
726 2223 861 2309 οἷος’
823 2253 885 2313 ουχ
915 2227 1039 2312 ἕτερος,
1057 2245 1093 2295 ‘2⁰

69 2340 164 2420 εἴπερ
187 2359 226 2418 γε
249 2328 414 2423 ἀρχεσθαι
438 2334 574 2421 μέλλετε
596 2345 803 2420 σωφρονεῖν,
835 2332 873 2397 ἐν
896 2314 923 2417 ςδ
941 2323 1041 2392 κεκά-

69 2460 170 2555 κριται
189 2428 301 2503 αὐτῶν
324 2429 362 2503 τό
381 2442 540 2504 πλεῖστον
562 2427 699 2523 μέρος
679 2427 748 2500 νπό
763 2457 825 2499 του
813 2428 960 2515 λιμοῦ,
984 2426 1042 2493 καὶ

68 2529 107 2604 τό
125 2532 241 2604 λοιπὸν
264 2532 327 2605 οὐκ
349 2530 393 2605 ἀν
416 2542 464 2605 ἔτι
484 2531 622 2604 δύναιτο
644 2531 754 2604 πολὺν
776 2528 948 2618 ἀντισχεῖν
965 2523 1041 2616 χρό-

70 2663 131 2705 νον
148 2633 207 2705 ὑπ’
228 2632 491 2761 ἀγρηματίας,ε
476 2642 508 2706 εί
529 2643 693 2717 σπανίους
717 2663 753 2705 τε
771 2635 826 2705 καὶ
843 2636 953 2720 τιμίας
972 2635 1041 2716 ἔχοι

14 2754 60 2807 εῖτ
70 2765 128 2818 τας
151 2734 287 2860 ἀγοράς
321 2735 639 2861 ἀναγκασθήσονται
669 2737 708 2806 δὲ
738 2741 773 2807 ολ
799 2736 861 2825 μὲν
891 2727 1040 2851 κάκιστρι
1058 2750 1094 2799 ῖῖ

71 2841 124 2909 καλ
143 2834 354 2911 οὐδέποτε
314 2867 354 2929 τη
373 2835 610 2933 ἀριστοκρατίᾳ
627 2846 798 2930 χαίροντες
799 2766 966 2908 μἐκλιπεῖν
979 2828 1041 2919 τήν

72 2938 182 3029 πόλιν,
223 2946 259 3011 οῖ’
288 2939 319 3012 δ’
340 2943 589 3034 ἐπιεικέστεροι
624 2937 861 3011 πολιτεύεσθαι
896 2938 1042 3020 κοσμίως

72 3041 178 3133 μηθὲν
202 3049 250 3113 ἔτι
269 3041 524 3133 ἐνοχλοῦντες’
505 3060 595 3133 υμῖν.
636 3038 742 3122 τάςτ’
763 3030 827 3164 οάγ
842 3030 966 3129 ἀγορὰς
984 3032 1041 3101 διὰ

73 3146 219 3235 φυλακής
251 3152 357 3236 ἔχετε,
393 3147 449 3215 καὶ
479 3149 536 3235 τῆς
566 3148 662 3234 τιμῆς
692 3172 761 3213 των
791 3138 904 3212 ω’νίων
930 3134 1042 3225 μηθὲν

74 3244 194 3334 ἀνίετε,
215 3243 291 3320 ἀλλ’
310 3243 393 3317 όσου
410 3253 569 3318 πλείστου
587 3235 705 3316 ποτὲ
683 3275 727 3336 ην
743 3242 785 3314 τό
802 3240 903 3331 ὤνια,
920 3232 1038 3310 τοσού
1058 3258 1094 3307 30

74 3376 131 3419 του
143 3349 254 3417 καὶ
212 3378 277 3419 νυν
290 3344 375 3419 αὐτὰ
390 3357 516 3420 πωλεῖν
526 3355 724 3473 ψηφίσασθε
742 3351 836 3417 δικαί
834 3375 873 3427 ας
869 3340 1040 3467 ἀφορμὰς

75 3458 198 3540 ἔχοντες
221 3452 277 3538 καὶ
300 3448 488 3543 προφάσεις
512 3445 689 3538 εὐλόγους,
715 3445 778 3535 τήν
799 3475 836 3517 τε
858 3442 1039 3535 ἀχάριστον
