2384 3850
203 39 661 154 -J.-z-
848 61 851 64 ’
996 81 1038 144 37

56 279 133 340 τες,
158 255 219 322 τοῦ
246 252 283 322 δὲ
302 259 397 322 σίτου
418 251 481 343 τὴν
499 251 682 345 διάπρασιν
706 251 751 335 ὥς
774 248 817 324 66
833 248 916 344 ὑμῖν
933 254 1039 327 ἅπασι

57 352 143 443 δόξη
161 352 388 444 ποιησόμενοι.
425 362 679 446 περιμείναντες
697 346 776 445 οὖν,
795 355 856 427 ε’άν
872 385 904 427 τι
921 356 967 447 μη
985 361 1042 445 γέ·,

55 484 159 546 νηται
175 452 315 545 τούτων,
334 454 409 527 τότε
426 474 640 546 κατηγορεῖτε
656 451 761 548 6666,
808 465 840 528 εί
857 459 895 528 δὲ
912 467 1039 548 βουλη-

55 565 178 647 θείητε
194 553 342 648 άκριβάς
360 558 510 643 ἐξετάσαι
527 557 567 630 τά
585 557 748 650 διάφορα,
768 558 977 652 δικαιότερον
994 557 1038 631 άν

56 658 159 749 ἡμεῖς
176 661 211 730 οί
226 668 394 752 πατρίκιοι
417 689 479 732 του
468 659 608 752 δήμου
632 670 913 753 κατηγοροίημεν,
937 691 958 751 η
976 692 1038 752 την
1072 677 1089 726 5

57 760 193 850 βουλὴν
214 759 311 853 ὑμεῖς
335 770 439 853 ἔχοιτε
464 759 512 834 δι’
532 770 649 846 αἰτίας.
695 762 842 834 ἀδικεῖτε
860 761 923 855 γάρ
941 763 1038 895 ἡμᾶς,

59 854 89 934 6
93 861 271 987 δημόται,
299 869 356 936 καὶ
373 866 501 955 μηθεν
509 863 703 993 ἀχθεσθῆτε
725 862 920 952 άκοάοντες,
944 871 979 936 οἵ
1000 893 1039 954 γε

58 961 125 1040 οὐκ
142 961 441 1056 ἀναμείναντες
398 996 460 1092 της
478 966 614 1058 γνάμης
631 965 727 1058 ἡμῶν
749 979 875 1060 μαθεῖν
892 966 928 1038 τὸ
945 970 1039 1050 τέλος

58 1084 262 1158 κατηγορεῖν
279 1065 345 1158 ἤδη
363 1065 466 1158 αὐτῆς
484 1068 624 1154 ἀξιοῦτε.
660 1076 767 1140 καίτοι
784 1078 835 1152 τίς
852 1068 915 1140 οὐκ
932 1070 1037 1159 οἶδεν,

58 1165 112 1240 ὅτι
143 1171 244 1240 παντὶ
269 1172 317 1265 τῷ
340 1173 535 1265 βουλομένῳ
562 1173 686 1284 ῥᾷστον
718 1166 863 1259 ἔργον
842 1201 886 1241 αν
908 1176 1038 1260 γένοιτο
1057 1194 1089 1242 10

59 1273 203 1360 συγχέαι
232 1273 289 1342 καλ
315 1267 488 1344 άνελεῖν’
473 1271 634 1365 ομόνοιαν
666 1276 703 1343 ἐκ
726 1271 871 1368 πόλεως,
901 1277 1038 1343 τοιαῦτα

11 1383 47 1432 67
62 1375 280 1462 ἐγκαλοῦντι,
304 1363 353 1444 66
370 1372 391 1464 6
408 1383 519 1457 πίστις
537 1377 705 1464 με’λλουσα
728 1372 785 1445 καὶ
803 1379 841 1445 ἐν
857 1371 971 1468 ιἰδήλφ
990 1382 1038 1444 ἔτι

11 1513 13 1528 ³
11 1463 149 1545 οὖσα
166 1469 206 1544 06
225 1473 360 1565 φυλακή
380 1480 448 1550 ἐστι
468 1479 529 1547 τοῦ
546 1476 591 1566 μὴ
609 1487 737 1547 παθεῖν
758 1505 790 1545 τι
808 1473 928 1564 κακόν,
953 1473 1039 1544 άλλόι

58 1573 231 1665 πρόφασις
260 1580 322 1647 τοῦ
352 1575 501 1665 άδικείν;
541 1580 597 1648 καὶ
628 1573 670 1648 06
699 1592 769 1657 τοῖς
796 1574 1039 1673 προεστηκόσιν

57 1672 160 1765 ὑμῶν
182 1674 314 1796 μόνον
310 1668 358 1750 οἷν
378 1678 597 1769 διαβάλλουσι
620 1678 683 1802 τὴν
706 1676 835 1766 βουλὴν
858 1679 914 1747 καὶ
939 1700 1037 1748 συκο-
1056 1701 1089 1749 15

58 1781 252 1869 φαντουσιν
257 1783 424 1905 ἐπιτιμᾶν
442 1779 552 1868 άξιον,
583 1777 669 1850 άλλά
687 1777 778 1850 καῖ’
759 1796 842 1871 υμῖν
859 1777 920 1870 οὐχ
938 1769 1038 1868 ἦττον

60 1871 114 1951 66
149 1879 320 1953 πιστεύετε
355 1878 467 1965 αὐτοῖς
508 1885 564 1954 καὶ
601 1884 683 1975 πρὶν
718 1886 922 1973 πειραθῆναι
958 1879 1037 1971 άγα-

60 1998 223 2054 νακτεῖτε.
254 1986 354 2075 ἐχρῆν
369 1984 434 2077 γάρ
452 1980 549 2075 ὑμᾶς,
569 1993 601 2055 εί
617 1982 657 2055 τά
674 1988 836 2075 μέλλοντα
855 1989 1038 2074 ἐφοβεῖσθε

58 2081 264 2175 άδικήματα,
283 2088 338 2155 καὶ
352 2084 411 2167 τάς
426 2085 477 2156 ἐπ’
499 2085 612 2167 αὐτοῖς
625 2084 727 2176 ὀργάς
740 2084 924 2177 μελλούσας
939 2094 1035 2175 ἔχειν,

58 2185 131 2257 νῦν
155 2186 193 2255 δὲ
216 2195 383 2275 φαίνεσθε
414 2186 579 2279 ταχύτερα
603 2192 730 2277 μάλλον
759 2184 780 2277 6
804 2186 1037 2278 φρονιμώτερα
1055 2210 1088 2257 20

59 2290 260 2377 ἐγνωκέναι,
279 2291 335 2359 καὶ
354 2288 390 2359 τό
405 2286 656 2381 ἀσφαλέστερον
675 2294 712 2359 ἐν
724 2292 772 2383 τῷ
785 2292 1038 2381 κακουργοτέρῳ

58 2391 208 2459 τιθέναι.

141 2490 248 2560 XXX.
275 2494 363 2581 Περὶ
381 2493 444 2584 μὲν
462 2484 515 2581 δὴ
522 2494 590 2561 τῶν
604 2492 727 2561 κοινάν
740 2486 967 2581 άδικημάτων,
987 2486 1036 2579 ἐφ’

58 2588 114 2673 οἷς
132 2592 195 2682 την
207 2591 335 2681 βουλὴν
353 2621 371 2664 ο
374 2592 567 2684 ίδημαρχοι
582 2590 783 2681 διέβαλον,’
765 2594 917 2683 αποχρῆν
929 2603 1040 2682 οἴομαι

57 2699 210 2785 τοσαῦτα
237 2699 406 2819 ’ίερῆσθαι
450 2697 521 2766 ἐπεί
549 2696 587 2765 δὲ
617 2699 674 2765 καὶ
705 2692 788 2766 καθ
816 2723 875 2766 ενα
901 2697 1040 2766 ἕκαστον
1057 2716 1090 2766 25

59 2794 177 2885 ἡμῶν,
209 2785 333 2888 περὶ
305 2825 354 2867 ων
371 2793 415 2868 66
433 2800 615 2887 είπωμενέ
614 2827 635 2867 ν
652 2825 693 2887 τη
679 2800 837 2886 βουλῇ,
869 2816 1039 2886 συκοφαν-

59 2902 180 2986 τοῦσι,
203 2901 259 2969 καὶ
284 2897 450 2970 διιστάναι
473 2895 535 2987 τὴν
561 2896 661 2969 πόλιν
686 2903 877 2985 αἰτιῶνται,
901 2893 1017 2967 καὶ
973 2926 1040 2966 νυν

11 3022 54 3072 ,378
62 2997 170 3070 Γάιον
201 2997 359 3091 Μάρκιον
390 2998 499 3091 άνδρα
535 2998 715 3089 φιλόπολιν
745 3001 909 3091 ἐλευθέρᾳ
939 3001 1041 3087 φωνῇ

63 3098 277 3191 χρησάμενον
294 3098 381 3220 άπερ
399 3107 468 3173 τῶν
485 3104 610 3173 κοινάν
628 3097 823 3172 άποιιτεῖναι
847 3103 1001 3189 ζητοῦσιν
1017 3093 1040 3189 6

65 3199 204 3291 φυγάδα
235 3204 371 3291 ποιῆσαι
394 3208 453 3294 τῆς
483 3209 661 3295 πατρίδος,
693 3200 858 3293 βούλομαι
882 3206 938 3272 καὶ
962 3204 1039 3292 περὶ
1057 3222 1093 3271 30
1182 3295 1184 3298 Ι

65 3302 188 3374 τούτου
204 3302 245 3373 τά
264 3309 378 3374 δίκαια
396 3312 504 3377 εἰπεῖν
522 3303 604 3396 πρός
621 3302 724 3429 ὑμάς
749 3307 806 3375 καὶ
823 3320 991 3392 σκοπεῖτε,
1011 3308 1043 3373 εί
1182 3301 1184 3338 ¹

66 3412 221 3499 μετρίους
239 3408 294 3477 καί
313 3396 453 3496 άληθεῖς
472 3410 538 3497 ἐρῶ
554 3404 631 3488 τούς
650 3404 778 3495 λόγους
806 3402 914 3494 ὑμεῖς,
933 3434 960 3473 ω
948 3393 1041 3491 δη-
