2384 3850
443 88 646 148 —H—
967 87 1093 150 119-

62 257 130 348 ἀμα
153 265 199 350 τῷ
222 265 385 345 συστῆναι
411 258 470 329 τὸν
494 256 640 350 πόλεμον
667 255 771 350 εύθύς
803 257 959 342 ἐλθόντες
983 255 1028 341 ὧς

63 358 139 439 τούς
160 356 394 439 Οὐολούσκους
417 363 475 430 καὶ
493 367 685 450 συμμαχίαν
708 358 785 449 μεθ’
813 358 924 449 ὅρκων
947 382 1027 430 σνν-

24 477 55 526 65
63 465 218 549 θέμενοι,
241 458 400 549 στρατιάν
423 488 460 530 τε
478 457 678 531 ἀπέστειλαν
701 451 794 530 οὗτοι
817 468 864 553 τῷ
883 469 1027 553 Μαρκίῳ

64 570 223 650 πλείστην
245 589 282 630 τε
306 565 362 631 καὶ
379 560 649 652 προθυμοτάτην.
684 558 880 651 ἀρξαμένων
898 562 937 632 δὲ
953 561 1028 632 τού·

62 693 129 733 των
153 665 269 732 πολλοὶ
293 665 350 732 καὶ
372 669 441 732 τῶν
463 659 575 733 ἀλλων
604 661 788 753 συμμάχων
810 660 924 751 κρύφα
947 685 1027 732 συν·
1063 683 1080 733 σ

64 762 254 852 ελάμβανον
273 779 342 844 τοῖς
362 759 605 852 Οὐολούσκοις,
631 762 692 834 ούκ
715 760 781 834 ἀπὸ
805 761 1028 852 ψηφισμάτων

63 863 136 934 οὐδ’
158 861 224 934 ἀπό
241 871 357 935 κοινοῦ
377 862 541 953 δόγματος
558 863 818 947 ἀποστέλλοντες
841 860 953 945 αὐτοῖς
970 861 1029 945 τάς

64 974 268 1054 συμμαχίας,
297 972 328 1035 εί
346 968 386 1035 δέ
399 987 488 1036 τισιν
503 957 547 1055 ἦν
564 969 781 1054 βουλομένοις
803 969 953 1056 μετέχειν
969 973 1028 1052 τῆς

63 1074 235 1152 στρατείας
259 1073 327 1136 τάν
344 1070 534 1155 σφετέρων,
562 1066 626 1156 οὐχ
654 1065 743 1149 ὅπως
773 1065 1027 1153 ἀποτρέποντες,

61 1165 145 1236 ἀλλά
163 1171 220 1237 καὶ
237 1171 481 1256 παρορμῶντες.
513 1165 660 1256 ἐγεγόνει
678 1167 706 1238 τ’
728 1163 768 1239 ού
786 1175 898 1259 πολλῷ
917 1166 1027 1259 χρόυφ
1048 1188 1080 1238 10

61 1267 206 1356 τοσαύτη
232 1266 374 1357 δύναμις
398 1270 476 1359 περὶ
498 1269 577 1350 τούς
603 1266 857 1355 Οὐολούσκους,
881 1267 964 1357 ὅσην
987 1264 1028 1338 ού

61 1368 195 1439 πύποτε
212 1375 310 1458 ἔσχον
327 1367 384 1440 ὅτε
400 1369 541 1459 μάλιστα
559 1366 705 1458 ἤκμαζον
721 1386 794 1450 ταῖς
812 1369 965 1457 πόλεσιν,
983 1366 1028 1458 ἣν

63 1468 266 1559 ἐπαγόμενος
287 1465 307 1539 ό
325 1467 479 1558 Μάρκιος
498 1473 657 1559 ἐνέβαλεν
681 1462 782 1552 αὖθις
807 1478 854 1551 είς
877 1469 940 1557 τὴν
953 1466 1028 1539 Ῥω·

62 1580 171 1659 μαίων
189 1578 270 1658 γῆν,
288 1574 344 1641 καὶ
363 1568 622 1660 ἐγκαθεζόμενος
640 1564 764 1659 ἡμέρας
783 1569 907 1659 συχνάς
926 1567 1028 1658 ἐδῄου

61 1680 118 1759 της
152 1678 215 1760 γῆς
243 1669 328 1760 ὅσην
362 1675 399 1742 ἐν
426 1676 468 1762 τῇ
497 1669 660 1761 πρότερον
690 1677 826 1761 εἰσβολῇ
855 1671 1027 1758 παρέλιπε.
1048 1691 1080 1740 15

61 1771 226 1862 σωμάτων
248 1775 310 1860 μὲν
330 1763 394 1842 ούν
412 1775 604 1860 ἐλευθέρων
626 1769 739 1842 οὐκέτι
760 1773 896 1842 πολλῶν
913 1773 1029 1860 ἐγκρα-

62 1873 117 1963 τὴς
137 1876 269 1963 ἐγένετο
292 1873 374 1944 κατά
392 1872 518 1963 ταύτην
541 1872 603 1964 την
621 1879 812 1962 στρατείαν·
841 1879 876 1943 οί
890 1868 954 1961 γάρ
971 1869 1028 1943 ἀν·

61 1987 194 2064 θρωποι
211 1974 252 2045 τά
269 1982 427 2046 πλείστου
439 1973 516 2058 ἀξια
528 1973 816 2068 συσκευασάμενοι
828 1982 1030 2065 παλαίτερον

62 2083 107 2145 ἔτι
126 2075 438 2165 κατεπεφεύγεσαν,
464 2082 500 2146 οί
514 2078 576 2165 μὲν
595 2084 644 2157 είς
661 2075 723 2164 τὴν
741 2076 857 2165 πόλιν,
876 2082 912 2146 οί
927 2074 959 2146 θ’
982 2082 1030 2155 είς

17 2176 100 2246 336τά
128 2185 274 2266 πλησίον
301 2177 465 2266 φρούρια,
494 2173 591 2248 ἀτινα
614 2169 658 2265 ἦν
684 2176 893 2266 ἐχυρώτατα·
926 2174 967 2245 τά
992 2176 1030 2245 δὲ
1047 2196 1081 2245 20

62 2278 254 2367 βοσκήματα
284 2275 397 2350 αὐτῶν
418 2278 481 2349 ὅσα
504 2275 565 2366 οὐχ
599 2274 723 2347 οἷοίτε
748 2268 836 2365 ἦσαν
864 2274 1029 2347 ἀπελάσαι

62 2382 116 2449 καί
132 2378 212 2460 τούς
229 2380 389 2466 νέμοντας
407 2376 617 2470 θεράποντας
642 2374 822 2465 λαμβάνει,
845 2373 905 2445 τόν
922 2404 958 2446 τε
977 2390 1030 2444 σλ-

60 2509 118 2550 τον
143 2482 199 2550 ἐπὶ
221 2496 293 2561 ταῖς
317 2480 443 2550 ἅλωσιν
470 2486 518 2548 ἔτι
542 2488 699 2567 κείμενον
726 2480 784 2546 καί
807 2475 884 2556 τούς
908 2473 1030 2557 ἀλλους

61 2578 228 2667 καρπούς,
259 2580 337 2663 τούς
365 2583 427 2668 μὲν
456 2584 493 2650 ἐν
517 2581 633 2672 χερσίν
656 2576 770 2666 ὄντας,
800 2576 877 2657 τούς
907 2578 944 2648 θλ
973 2578 1028 2646 καί

62 2684 395 2770 συγκεκομισμένους,
414 2680 608 2768 ἀναιρεῖται.
633 2750 635 2754 ,
653 2676 883 2770 προνομεύσας
913 2679 952 2748 δὲ
974 2679 1031 2747 καί
1049 2698 1083 2747 25

63 2780 294 2871 διαπορθήσας
319 2781 467 2869 ἅπαντα,
494 2778 641 2863 ούθενός
663 2776 763 2870 ὁμόσε
787 2788 935 2870 χωρῆσαι
957 2789 1030 2849 τολ-

62 2882 229 2971 μήσαντος
256 2882 388 2972 ἀπῆγεν
417 2882 470 2953 ἐπ’
503 2892 600 2953 οίκου
622 2880 685 2970 τὴν
708 2881 866 2971 στρατιάν
889 2889 1031 2968 βαρεῖαν

63 2974 171 3054 ούσαν
188 2980 255 3071 ἤδη
277 2992 324 3078 τῷ
347 2981 471 3071 πλήθει
494 2992 562 3055 τῶν
579 2978 752 3070 ὠφελειῶν
775 2984 831 3051 καὶ
853 2985 955 3070 σχολῇ
973 3005 1031 3049 πο-

64 3087 261 3173 ρευομένην.
1170 3138 1171 3141 ,

139 3185 245 3254 XVII.
280 3190 326 3257 Οί
353 3185 393 3255 δὲ
417 3183 626 3256 Ούολούσκοι
655 3182 692 3253 τὸ
715 3185 857 3271 μέγεθος
886 3184 945 3268 της
973 3208 1031 3249 κο-
1049 3201 1083 3251 30

63 3290 237 3376 μιζομύιης
271 3294 362 3369 λείας
393 3282 554 3375 ὁρῶντες,
589 3287 646 3354 καὶ
681 3287 757 3372 περὶ
786 3287 846 3370 τῆς
864 3277 1032 3369 Ῥωμαίων

64 3383 220 3476 ἀτολμίας
237 3384 433 3474 ἀκούοντες,
457 3396 492 3458 οἳ
508 3385 549 3475 δὴ
567 3387 648 3467 τέας
672 3385 735 3471 τὴν
752 3380 931 3470 ἀλλοτρίαν
954 3390 1033 3469 λεη-
1084 3470 1086 3475 Ι
