2384 3850
550 76 746 138 -ρ-

161 259 234 341 βιος
252 249 308 318 καὶ
325 246 383 332 τάς
401 255 449 330 εἰς
466 247 526 320 τὸν
544 247 680 322 ἐπιόντα
698 247 853 320 ἐνιαυτὸν
875 245 979 341 ἀρχὰς
995 247 1064 340 ἀμα
1090 250 1145 344 τῷ

162 347 344 445 συνυπάτῳ
362 353 562 440 κατέστησεν

238 451 307 522 LX.
329 441 436 524 Ἦσαν
455 447 488 524 δ’
508 458 543 524 οἰ
557 447 618 523 ἀπ’
638 448 752 522 αὐτῶν
768 449 1028 543 ἀποδειχθέντες
1045 448 1142 522 ύπα-

161 583 212 626 τοι
222 552 369 646 Σπόριος
382 550 569 643 Ποστόμιος
584 549 748 641 Ἀλβῖνος,
762 554 819 623 καί
832 551 975 636 Κόιντος
989 561 1141 642 Σερουί-

128 680 144 731 5
161 666 231 738 λιος
248 661 396 747 Πρίσκος
413 652 449 726 τό
469 653 637 748 δεύτερον.
673 656 728 726 ἐπὶ
744 651 874 726 τούτων
891 658 1011 739 ἔδοξαν
1029 661 1140 727 Αἰκα-

162 760 215 830 νοὶ
229 763 453 848 παραβαίνειν
465 754 523 842 τάς
537 755 619 848 πρὸς
628 755 809 846 Ῥωμαίους
819 759 939 850 νεωστί
952 760 1139 848 γενομένας

162 854 337 949 ὁμολογίας
360 853 426 930 ἀπὸ
450 856 605 948 τοιαύτης
630 864 753 940 αἰτίας·
778 854 960 930 Ἀντιατῶν
981 854 1058 930 ὅσοι
1077 859 1139 948 μὲν

163 961 253 1051 εἰχον
280 961 415 1050 ἐφέστια
438 962 494 1032 καί
517 958 661 1051 κλήρους
679 966 816 1050 ἔμειναν
840 962 877 1032 ἐν
894 964 935 1052 τῇ
952 966 1017 1050 γῇ,
1041 959 1088 1030 τά
1104 987 1138 1030 τε

162 1057 434 1152 ἀπομερισθέντα
463 1068 559 1152 σφίσι
591 1064 648 1134 καί
672 1060 714 1132 τά
739 1056 807 1132 ύπό
839 1065 908 1133 τῶν
938 1059 1138 1152 κληρούχων

112 1181 144 1231 10
162 1157 391 1254 ἀφαιρεθέντα
414 1161 563 1253 κτήματα
590 1167 818 1256 γεωργοῦντες
849 1165 904 1234 ἐπί
928 1167 1048 1255 ῥηταῖς
1071 1185 1137 1234 τισι

86 1293 87 1296 ’
161 1266 216 1335 καὶ
241 1265 455 1355 τεταγμέναις
477 1271 625 1357 μοίραις,
653 1262 693 1350 ἀς
716 1270 753 1337 ἐκ
777 1267 846 1338 τῶν
862 1268 1002 1356 καρπῶν
1020 1260 1136 1346 αύτοῑς

161 1368 312 1438 ἐτέλουν·
331 1362 382 1449 οἷς
400 1363 433 1436 δ’
452 1364 554 1440 ούδλν
570 1365 702 1440 τούτων
718 1358 762 1457 ἦν
778 1368 929 1450 ἐξέλιπον
941 1364 1005 1455 τὴν
1023 1364 1135 1456 πόλιν,

161 1469 217 1538 καλ
239 1466 499 1559 ὑποδεχομένων
522 1464 646 1553 αὐτούς
668 1465 853 1561 προθύμως
876 1470 944 1538 τῶν
961 1470 1135 1555 Αἰκανῶν,

162 1573 295 1642 ἐκεῖθεν
317 1567 506 1663 ὁρμώμενοι
529 1568 609 1654 τούς
625 1576 782 1642 Λατίνων
798 1566 924 1660 ἀγρούς
941 1568 1133 1661 ἐλῄστευον,

112 1686 144 1736 15
163 1675 200 1741 ἐκ
223 1672 261 1742 δέ
278 1669 398 1743 τούτου
421 1675 477 1744 καὶ
495 1676 563 1744 τῶν
580 1678 742 1744 Αἰκανῶν
758 1667 832 1742 ὅσοι
848 1679 1011 1762 τολμηροί
1024 1698 1062 1741 τε
1079 1673 1133 1742 καί
1143 1683 1182 1733 191

161 1769 280 1864 ἀποροι
302 1763 390 1864 η’σαν
414 1773 671 1865 συνελάμβανον
703 1771 817 1854 αὐτοις
840 1777 910 1842 τῶν
931 1780 1132 1862 ληστηρίων.

161 1879 264 1947 ταῦτα
288 1882 445 1949 Λατίνων
468 1873 736 1967 ἀποδυρομένων
760 1874 814 1944 έπί
836 1877 896 1964 τῆς
913 1878 1056 1966 βουλῆς,
1080 1876 1134 1945 καί
1182 1914 1183 1936 ι

161 1972 346 2059 ἀξιούντων
369 1974 390 2065 ἢ
412 1976 571 2068 στρατιάν
593 1979 755 2067 πέμπειν,
779 1971 801 2064 ἢ
824 1981 1041 2068 συγχωρῆσαι
1058 1985 1133 2067 σφί-

161 2100 218 2147 σιν
240 2074 356 2161 αύτολς
381 2076 459 2159 τούς
484 2075 648 2169 άρξαντας
665 2078 812 2167 πολέμου
830 2074 1047 2167 ἀμύνασθαι,
1074 2082 1132 2168 μα-

110 2192 145 2241 20
162 2175 283 2260 δόντες
307 2184 342 2249 οἰ
362 2177 521 2273 σύνεδροι
544 2179 704 2270 στρατιάν
726 2178 788 2269 μὲν
805 2174 880 2250 οὔτ’
899 2174 996 2251 αύτοί
1014 2184 1132 2269 ἐψηφί-

161 2301 263 2351 σαντο
298 2282 441 2371 πέμπειν
476 2278 554 2352 ούτε
577 2288 735 2363 Λατίνοις
771 2282 958 2371 ἐπέτρεψαν
992 2278 1129 2369 ἐξάγειν,
1166 2321 1184 2375 '.

161 2380 369 2473 πρεσβευτάς
403 2384 442 2453 δέ
472 2380 624 2473 ἑλόμενοι
645 2398 753 2473 τρεῖς,
781 2371 832 2452 ῶν
858 2379 969 2471 ἡγεῖτο
991 2379 1131 2463 Κόιντος

164 2480 290 2571 Φάβιος
307 2481 326 2554 ὁ
344 2480 401 2565 τάς
419 2482 502 2578 πρὸς
524 2482 561 2555 τδ
580 2491 682 2565 ἔθνος
698 2482 875 2573 συνθήκας
897 2481 1130 2573 ποιησάμενος,

165 2581 301 2667 ἐντολάς
318 2581 431 2668 αύτοίς
450 2583 564 2667 δόντες
581 2583 822 2657 πυνθάνεσθαι
839 2580 931 2676 παρά
946 2586 1016 2654 τῶν
1031 2581 1131 2673 ἡγου-

109 2697 143 2747 25
160 2686 273 2774 μένων
288 2693 349 2768 τοῦ
367 2693 507 2776 ἔθνους,
525 2684 649 2779 πότερα
666 2688 765 2775 κοινῇ
780 2683 897 2775 γνῶμη
914 2681 956 2755 τά
972 2683 1131 2776 ληστήρια

162 2787 459 2868 ἐξαποστέλλουσιν
490 2798 539 2868 εἰς
561 2814 599 2859 τε
621 2785 685 2877 την
708 2789 776 2857 τῶν
798 2784 982 2876 συμμάχων
1003 2788 1060 2884 καί
1085 2792 1129 2867 εἰς

140 2883 223 2977 ,τὴν
245 2889 314 2959 τῶν
331 2881 501 2979 Ῥωμαίων
523 2892 604 2978 γῆν·
632 2892 786 2979 ἐγένοντο
810 2884 874 2979 γάρ
896 2915 986 2970 τινες
1008 2889 1065 2958 καί
1082 2894 1128 2968 εἰς

161 2986 268 3080 αὐτὴν
278 2988 497 3083 ’καταδρομαὶ
519 2993 588 3062 τῶν
611 2989 793 3081 φυγάδων·
820 2983 934 3077 ἢτῶν
951 2990 1126 3078 πραττομέ-

161 3118 232 3160 νων
256 3086 396 3174 ούδενός
418 3096 491 3163 έστι
512 3091 550 3163 τὸ
574 3092 690 3163 κοινὸν
713 3101 837 3161 αἰτιον·
864 3092 922 3159 καί
946 3088 1004 3161 ἐάν
1021 3094 1127 3180 φῶσιν

109 3201 143 3251 ⁸0
162 3194 307 3264 ἰδιωίῶν
329 3199 411 3283 ἔργα
435 3194 522 3265 εἰναι
545 3192 591 3284 μὴ
615 3194 853 3286 ἐπιτρέψαντος
874 3194 937 3262 τού
955 3189 1073 3282 δήμου,
1089 3188 1127 3261 τά

160 3319 196 3362 τε
213 3286 410 3383 ἡρπασμένα
427 3291 581 3367 ἀπαιτεῖν
599 3297 655 3367 καί
678 3290 755 3376 τούς
773 3296 1022 3385 ἐργασαμένους
1038 3290 1127 3363 τάδι-

161 3390 290 3481 κήματα
321 3392 485 3477 έκδότους
505 3393 600 3485 άγειν
628 3394 844 3485 ἀφικομένων
879 3397 918 3467 δὲ
943 3402 1019 3466 τῶν
1052 3420 1126 3489 πρε·
1135 3392 1184 3457 1918
